4210 6598
885 708 1094 781 „37-

243 929 397 1022 propter
429 930 595 1022 ereptam
630 919 701 996 sibi
732 920 938 1015 Briseidos,
967 921 1007 996 in
1037 948 1106 997 sua
1140 948 1180 997 se
1214 931 1339 996 castra
1372 917 1513 1019 recepit
1547 914 1667 990 donec
1702 911 1735 989 ei

242 1062 395 1163 captiva
422 1061 569 1138 reddita
596 1071 665 1156 est,
695 1071 752 1136 tot
779 1059 881 1137 cives
915 1074 1030 1162 atque
1056 1061 1169 1138 etiam
1197 1059 1417 1136 Patroclum
1447 1057 1612 1135 anticum
1641 1055 1735 1132 mori

243 1230 390 1305 passus.
406 1202 447 1306 (¹)
461 1203 636 1296 Quocum
650 1203 823 1304 exemplo
843 1203 988 1304 aliquid
1016 1200 1207 1307 Cynthiae
1221 1230 1301 1279 esse
1314 1201 1401 1304 quis
1429 1199 1658 1277 sustinebit?
1685 1243 1738 1256 —
1863 1259 1866 1272 .

244 1345 333 1421 Alia
351 1357 540 1447 postremo
559 1345 788 1446 maximique
815 1345 995 1422 momenti
1014 1345 1055 1422 in
1074 1343 1174 1421 hanc
1192 1372 1271 1420 rem
1291 1343 1403 1420 nobis
1421 1343 1518 1418 ratio
1547 1342 1674 1417 veniet
1692 1367 1738 1416 ex

244 1487 328 1589 ipsa
355 1486 496 1588 elegiae
523 1499 727 1581 structura,
751 1514 839 1564 cum
867 1486 1030 1589 singulis
1057 1488 1249 1588 sequentis
1276 1485 1417 1586 elegiae
1445 1484 1598 1587 singula
1624 1485 1740 1558 huius

246 1654 330 1716 nom
361 1655 642 1731 comparemus:
679 1629 877 1730 utriusque
911 1629 1010 1706 enim
1050 1655 1236 1705 summam
1271 1628 1429 1704 eandem
1468 1652 1548 1702 csse
1582 1625 1739 1700 inferius

245 1771 471 1848 videbimus.
500 1772 547 1846 In
578 1775 613 1846 9.
642 1770 761 1872 igitur
791 1797 944 1872 quoque
971 1771 1019 1845 el.
1048 1770 1178 1845 rivalis
1206 1782 1363 1845 mortem
1391 1781 1479 1845 avet
1507 1767 1737 1868 Propertius,

245 1913 350 1989 solva
376 1927 495 1989 tumen
515 1913 645 2012 pirella
673 1926 808 2008 ornato,
835 1913 981 1989 etiamsi
1009 1913 1082 1988 sibi
1110 1913 1159 1988 slt
1186 1911 1421 2014 pereundum
1448 1911 1526 2013 (vv.
1557 1908 1726 2012 51-52.):

567 2151 584 2188 e
609 2126 710 2209 Quam
733 2127 820 2206 mihi,
844 2127 870 2193 si
893 2126 994 2193 media
1015 2125 1108 2192 liceat
1131 2143 1268 2212 pugnare
1289 2105 1405 2210 puella,
1531 2179 1534 2186 .

607 2233 740 2326 Mortem
763 2252 821 2320 ego
843 2251 901 2299 non
926 2232 1046 2319 tugiam
1068 2236 1167 2300 morte
1189 2232 1292 2299 subire
1313 2235 1379 2298 tua.
1404 2257 1423 2294 ›

239 2395 307 2490 ,Αο
345 2393 464 2472 veluti
490 2394 530 2470 in
561 2397 610 2489 8.,
639 2403 844 2494 antequam
880 2393 936 2468 ira
970 2419 1014 2470 eo
1049 2393 1372 2495 processissetut
1405 2418 1537 2468 necem
1567 2402 1605 2468 et
1631 2390 1742 2466 rivali

249 2537 381 2614 afferre
415 2538 487 2613 sibi
514 2537 554 2612 in
583 2536 711 2612 animo
746 2535 963 2630 destinaret,
993 2563 1082 2612 cum
1113 2534 1206 2611 nihil
1246 2533 1410 2611 valuerit
1436 2535 1486 2610 ad
1513 2532 1742 2610 exorandam

249 2679 432 2781 perfidam
468 2678 643 2774 amicam,
676 2691 885 2755 extremum
921 2703 1013 2754 suae
1049 2676 1243 2754 fidelitatis
1276 2688 1392 2778 atque
1428 2675 1566 2752 amoris
1602 2675 1745 2778 pignus

249 2835 396 2898 mortem
432 2821 595 2897 obeundo
622 2821 655 2896 ei
684 2820 773 2897 dare
806 2831 979 2922 paratum
1016 2819 1146 2896 eadem
1181 2820 1257 2895 sere
1290 2818 1339 2894 ad
1374 2820 1534 2895 verbum
1567 2830 1605 2894 et
1636 2819 1676 2893 in
1706 2822 1743 2892 9.

225 3049 228 3054 A
250 2962 457 3064 reperimus
483 2962 561 3066 (vv.
593 2960 754 3065 3740).

305 3103 417 3197 Quod
445 3117 572 3179 autem
593 3116 630 3180 et
649 3103 800 3180 Keilius
827 3077 1036 3208 Cynthium
1064 3103 1192 3206 potins
1218 3129 1334 3204 quam
1359 3101 1517 3178 rivalem
1545 3100 1604 3177 his
1632 3101 1746 3177 minis

251 3256 492 3348 prosecutum
522 3246 760 3346 Propertium
790 3257 910 3348 putet,
929 3246 1033 3348 quod
1051 3247 1106 3322 ita
1124 3247 1286 3346 abrupte
1312 3245 1361 3322 ad
1388 3243 1546 3320 rivalem
1574 3241 1748 3320 converti

252 3415 361 3491 posse
380 3361 530 3490 poetam
558 3389 712 3466 minime
731 3389 763 3465 ei
783 3389 963 3467 credibile
981 3388 1170 3485 videatur3
1200 3388 1292 3464 satis
1311 3414 1382 3464 nos
1399 3388 1614 3464 obiecturus
1633 3385 1745 3480 duco,

251 3559 364 3634 quem
384 3531 534 3634 saepius
554 3531 858 3626 memoravimus,
877 3543 1124 3634 praeruptum
1152 3530 1463 3632 concitatumque
1482 3529 1600 3606 totius
1620 3528 1746 3621 huius,

253 3701 343 3775 prae
370 3673 516 3769 ceteris,
544 3672 687 3774 elegiae
713 3697 941 3769 sermonem3
967 3700 1046 3774 quo
1072 3672 1227 3774 quidem
1251 3671 1350 3787 illud
1378 3674 1491 3749 etiam
1519 3663 1662 3748 factum
1690 3681 1749 3746 est

255 3826 299 3893 ut
326 3815 450 3891 medio
481 3816 521 3890 in
554 3815 733 3909 carmine,
762 3796 848 3891 cuin
877 3814 933 3891 nil
960 3815 1054 3916 quid
1088 3797 1166 3892 tale
1198 3841 1311 3891 nemo
1339 3815 1411 3890 sibi
1439 3823 1667 3916 expectaret,
1694 3816 1749 3888 in·

256 3957 372 4058 terfici
405 3983 458 4031 se·
470 3969 649 4054 paratum
685 3967 797 4056 poeta
830 3955 994 4034 fateatur
1026 3955 1078 4058 (v.
1114 3952 1207 4056 17.);
1246 3983 1290 4032 ac
1328 3967 1386 4032 tot
1422 3965 1554 4056 totque
1590 3954 1750 4032 diversis

255 4098 350 4175 locis
382 4098 541 4174 lacunas
567 4097 607 4173 in
636 4098 707 4174 hac
735 4097 856 4200 elegia
889 4099 1120 4175 coniecerint
1148 4099 1218 4174 viri
1246 4098 1361 4175 docti.
1390 4093 1533 4174 Verum
1561 4097 1658 4175 illud
1686 4123 1752 4200 pc

257 4241 444 4317 tissimum
472 4227 852 4320 animadvertendum
879 4240 953 4316 fuit
979 4240 1118 4336 Keilio,
1139 4267 1227 4316 cum
1255 4241 1302 4318 de
1329 4240 1439 4316 rivali
1466 4251 1615 4342 agatur,
1635 4240 1750 4316 moris

256 4409 336 4460 esse
367 4382 566 4482 Propertii,
594 4394 798 4484 postquam
830 4381 987 4483 obliqua
1017 4380 1249 4458 allocutione
1284 4381 1396 4458 semel
1430 4395 1499 4458 aut
1530 4382 1671 4482 pluries
1703 4381 1751 4457 de

259 4549 302 4599 eo
330 4523 455 4623 tetigit
481 4522 544 4625 (cf.
572 4523 687 4599 huius
715 4522 762 4600 el.
792 4552 855 4600 vv.
887 4528 923 4619 1,
952 4523 1016 4627 5.),
1045 4527 1266 4618 autetiam,
1295 4523 1398 4624 quod
1433 4523 1617 4599 audacius
1652 4523 1754 4599 vide·

258 4665 374 4760 bitur,
394 4662 503 4741 nulla
521 4665 567 4740 de
586 4690 629 4740 eo
649 4665 754 4765 prius
781 4665 972 4742 mentione
991 4665 1105 4758 facta,
1124 4692 1170 4740 ex
1187 4665 1396 4765 improviso
1418 4665 1613 4741 stomacho
1631 4691 1754 4740 erum-

259 4817 410 4908 pentem
445 4817 548 4884 recta
574 4807 614 4884 in
647 4834 734 4884 eum
766 4807 894 4884 invehi
923 4805 989 4910 (cf.
1018 4807 1069 4885 ΙΙ.
1101 4811 1137 4903 8,
1170 4813 1203 4883 l.
1234 4809 1296 4882 23.
1327 4811 1390 4883 28.
1420 4811 1485 4898 48.
1514 4809 1579 4884 52.
1607 4853 1659 4864 -
1688 4812 1753 4904 24,

261 4952 325 5026 23.
354 4994 408 5006 -
436 4951 500 5044 25,
530 4952 596 5025 21.
623 4995 675 5008 -
702 4950 775 5025 ΙΙΙ.
806 4954 842 5046 8,
873 4949 963 5054 37.).

314 5088 467 5182 Quibus
493 5090 706 5187 declaratis,
734 5092 783 5168 ad
810 5093 1048 5194 propositum
1076 5093 1230 5170 tandem
1258 5092 1464 5189 venientes,
1489 5117 1632 5168 novum
1661 5092 1754 5192 quid

262 5233 373 5308 nobis
400 5233 440 5308 in
468 5232 540 5309 hac
569 5234 729 5309 maxime
756 5231 803 5310 el.
823 5235 1021 5336 proferunt
1048 5235 1282 5338 interpretes,
1299 5236 1366 5336 qui
1394 5235 1610 5338 complures
1635 5235 1757 5310 diver-

263 5400 400 5475 sasque
432 5372 593 5450 lacunas
628 5375 884 5472 coniecerunt,
912 5375 967 5453 ita
994 5387 1039 5452 ut
1066 5376 1165 5453 alius
1192 5377 1242 5452 ab
1270 5375 1345 5455 alio
1376 5404 1444 5479 per
1471 5404 1510 5454 se
1537 5375 1609 5478 ipsi
1642 5375 1756 5476 plane

323 5689 371 5772 (1)
393 5690 437 5752 Cf.
459 5691 558 5754 Plaut.
580 5691 669 5752 Miles
689 5691 820 5753 Glorios.
842 5711 894 5754 rr.
918 5692 1059 5756 1284-88.
