4258 6602
1054 691 1265 764 ...55-

464 907 640 1006 pupiuo,
667 903 879 1004 uoluisse)
911 901 1116 979 universim
1156 929 1225 1004 pro
1257 914 1338 978 loto
1370 927 1492 1002 opere
1519 903 1682 1002 poetico
1723 927 1900 1004 persaepe

471 1047 729 1148 accipiuntur:

666 1249 685 1284 ι
708 1224 792 1290 Neve
814 1222 979 1309 peregrinis
1000 1222 1124 1289 tantm
1147 1220 1292 1290 defendar
1314 1222 1354 1288 ab
1375 1220 1480 1302 armis,

751 1330 792 1397 ut
814 1330 972 1397 Romarm
994 1329 1088 1397 habet
1110 1329 1211 1396 multa
1233 1328 1334 1397 iocosa
1356 1328 1473 1396 liber.
1498 1353 1517 1389 ι

1503 1433 1574 1517 (ον.
1597 1432 1691 1504 Trisi.
1715 1435 1758 1502 Il.
1783 1435 1874 1521 421.)

416 1599 484 1676 IV.
517 1596 736 1691 Libellus,
773 1595 966 1673 communi
1003 1596 1090 1672 libri
1124 1595 1412 1698 significatione,
1445 1593 1549 1698 apud
1584 1606 1715 1698 poetas
1736 1595 1902 1698 quadru-

468 1740 532 1844 plo
561 1739 733 1817 usitatior
757 1751 814 1816 est
840 1766 956 1840 quam
984 1738 1090 1836 libera
1117 1738 1221 1839 quod
1248 1738 1477 1840 praesertim,
1498 1740 1643 1840 absque
1669 1737 1750 1815 ullo
1769 1737 1899 1836 dubio,

469 1883 723 1961 dedicationes
759 1894 797 1959 et
815 1881 1004 1984 prooemia
1040 1881 1231 1959 exhibent.
1264 1882 1339 1958 Pro
1376 1881 1505 1978 libello,
1531 1879 1723 1960 interdum
1756 1878 1902 1960 inveni·

469 2037 533 2102 tur
551 2051 729 2126 parvus
757 2025 874 2101 liber
900 2023 953 2130 (¹).

469 2168 575 2261 Quae
593 2195 681 2244 cum
699 2167 754 2242 ita
771 2167 860 2259 sint,
879 2165 1142 2268 unusquisque
1159 2165 1235 2242 iam
1249 2193 1316 2268 per
1333 2192 1373 2243 se
1391 2165 1540 2261 viderit,
1559 2164 1731 2268 exempla
1748 2192 1794 2241 ex
1813 2166 1903 2243 Pro-

413 2311 533 2414 pertio
560 2337 584 2386 a
609 2308 762 2411 Voigtio
795 2310 884 2386 item
911 2335 934 2384 a
960 2307 1257 2386 Fleischmenno
1289 2309 1407 2385 ducta
1440 2307 1602 2411 (praeter
1637 2334 1692 2404 ea,
1720 2334 1819 2410 quae
1851 2307 1902 2386 ad

414 2451 568 2556 singula
594 2477 617 2526 a
644 2453 755 2529 nobis
787 2450 871 2528 loco
899 2419 1082 2528 adnotata
1109 2451 1224 2554 sunt),
1253 2477 1333 2528 uno
1366 2463 1435 2527 aut
1461 2450 1536 2527 alio
1568 2450 1701 2528 horum
1732 2448 1901 2553 capitum

414 2595 525 2672 facile
560 2593 764 2670 contineri:
801 2593 895 2670 adeo
927 2619 1018 2670 sane
1054 2605 1099 2672 ut
1134 2604 1307 2669 nostrum
1334 2591 1490 2670 omnino
1518 2592 1567 2669 sit
1594 2591 1821 2670 concludere
1847 2637 1902 2652 -

470 2982 516 3065 (1)
538 2985 696 3045 Innumero
717 3001 809 3060 paene
838 2980 984 3042 eiusmodi
1009 2982 1146 3060 exempla
1168 2983 1302 3043 iuvenies
1323 2983 1354 3043 in
1374 2983 1513 3060 operibus
1528 2981 1670 3060 elegiacis
1689 2981 1802 3055 Ovidii,
1822 2979 1901 3060 apud

414 3082 585 3142 Martialem
607 3088 638 3141 et
658 3082 736 3158 apud
757 3081 940 3140 Phaedrum.

466 3181 570 3257 Neque
590 3179 685 3258 pluris
703 3179 878 3251 ducendum,
892 3179 968 3254 quod
990 3184 1093 3239 contra
1114 3177 1191 3238 solet
1210 3179 1302 3238 etiam
1324 3177 1436 3254 afferri,
1450 3175 1623 3256 exemplum
1644 3177 1763 3238 Horatii
1786 3175 1863 3256 (Sat
1877 3176 1902 3236 l.

728 3375 752 3448 I,
773 3391 855 3451 puer,
877 3381 965 3451 atque
986 3391 1053 3434 meo
1073 3374 1150 3434 citus
1170 3373 1243 3434 baec
1264 3375 1418 3435 subscribe
1439 3374 1559 3436 libello:

413 3491 499 3550 quern
524 3490 655 3544 versum,
675 3490 743 3532 cum
772 3473 803 3532 in
832 3479 982 3550 postrema
1009 3471 1081 3532 libri
1102 3471 1194 3532 satira
1219 3473 1268 3543 sit,
1289 3473 1327 3532 ad
1348 3471 1460 3532 librum
1488 3489 1577 3549 quam
1598 3471 1636 3532 ad
1657 3471 1755 3550 ipsam
1775 3469 1902 3532 satiram

411 3570 526 3630 reterre
546 3569 642 3642 malo;
666 3570 805 3648 exemplo
826 3575 979 3646 permotus
999 3569 1131 3630 eiusdem
1153 3569 1282 3641 Horatii,
1304 3570 1364 3646 qui,
1388 3569 1515 3647 epistula
1535 3569 1642 3630 ultima
1666 3568 1739 3630 libri
1760 3569 1784 3640 1,
1805 3573 1900 3628 totum

413 3669 524 3729 librum
547 3667 705 3728 manifesto
726 3668 797 3728 item
819 3667 984 3744 alloquitur
1004 3665 1114 3747 (Epist.
1135 3668 1160 3728 1.
1179 3667 1229 3740 20,
1251 3666 1298 3746 1):

740 3766 940 3826 Vertumnum
961 3766 1132 3842 Ianumque,
1154 3767 1241 3839 tiber,
1262 3772 1399 3843 spectare
1420 3764 1546 3827 videris.

465 3864 616 3925 Similiter
636 3864 762 3925 Ovidius
783 3864 879 3925 libros
900 3865 914 3924 l
935 3870 965 3924 et
985 3863 1014 3924 11
1035 3863 1195 3924 Fastorum
1218 3855 1409 3925 concludens:

721 3963 840 4023 -Sed
863 3963 923 4022 iam
945 3962 1043 4040 prima
1065 3962 1124 4022 mei
1146 3979 1215 4039 pars
1235 3967 1282 4022 eet
1302 3969 1409 4022 exacta
1431 3961 1555 4036 laboris,

802 4061 935 4137 Cumque
955 4077 1009 4120 suo
1029 4059 1120 4120 finem
1142 4077 1244 4120 mense
1267 4060 1389 4120 libellus
1409 4059 1509 4120 habet.

721 4190 762 4205 -
778 4158 926 4218 Venimus
947 4157 978 4218 in
999 4165 1129 4236 portum,
1152 4157 1230 4218 libro
1250 4175 1318 4219 cum
1342 4175 1443 4219 menae
1464 4165 1600 4236 peracto:

801 4255 936 4332 Naviget
957 4255 1026 4314 hine
1046 4255 1107 4315 alia
1128 4254 1190 4317 iam
1213 4255 1287 4317 mihi
1311 4256 1401 4316 linter
1421 4273 1514 4332 aqua.¹

464 4353 556 4429 Atqui
570 4353 626 4414 hoc
641 4353 797 4432 praecipue
811 4353 1034 4413 animadvertas
1048 4353 1153 4429 velim,
1168 4355 1199 4415 in
1218 4355 1424 4415 Tristibus
1444 4361 1532 4432 atque
1549 4354 1579 4415 in
1594 4353 1683 4414 libris
1704 4353 1757 4416 Ex
1778 4353 1902 4412 Ponto

412 4451 457 4532 (iu
478 4453 584 4528 quibus
599 4451 737 4528 singulae
757 4451 891 4527 singulos
906 4451 944 4512 ad
959 4451 1073 4512 amicos
1094 4469 1163 4512 cum
1178 4451 1292 4529 elegiae
1313 4453 1479 4525 mittantur,
1493 4451 1662 4512 absolutum
1677 4450 1747 4528 quid
1763 4467 1816 4510 auo
1836 4449 1903 4509 iore

411 4567 650 4628 unamquamque
669 4551 786 4610 efficere
801 4551 902 4626 utique
923 4549 1015 4622 dicas,
1031 4549 1130 4626 magis
1150 4567 1239 4626 quam
1260 4557 1313 4610 aut
1325 4549 1437 4627 elegiae
1452 4553 1630 4610 Amorum
1651 4556 1703 4609 aut
1715 4547 1829 4608 Tibulli
1850 4553 1902 4607 aut

412 4645 588 4728 Propertii),
609 4649 736 4724 siquam,
758 4655 790 4708 ut
816 4647 923 4708 crebro
946 4647 1057 4720 evenit,
1078 4647 1254 4724 elegiarum,
1276 4648 1353 4707 haud
1381 4655 1475 4708 toturn
1498 4647 1610 4708 librum
1638 4645 1688 4706 rel
1714 4662 1797 4724 opus,
1820 4645 1903 4708 iutel-

411 4746 494 4822 legat
511 4753 592 4806 certe
613 4752 708 4824 poeta,
722 4761 883 4822 numquam
904 4762 972 4804 eum
994 4745 1037 4805 uti
1059 4763 1132 4806 voce
1155 4745 1269 4816 libello,
1284 4761 1390 4805 aarum
1411 4763 1530 4822 semper
1549 4752 1602 4805 aut
1621 4744 1763 4822 epistula,
1782 4750 1834 4803 aut
1855 4743 1903 4802 lit·

413 4851 489 4916 lero,
509 4849 560 4904 aut
586 4844 685 4922 alapia,
707 4850 760 4903 aut
786 4843 935 4914 carmine,
955 4842 1118 4904 similibus.
1138 4844 1222 4915 Quod
1250 4861 1319 4903 casu
1342 4842 1453 4904 factum
1480 4860 1568 4904 nemo
1595 4844 1751 4920 quisquam
1780 4840 1901 4912 dixerit,

410 4959 479 5001 cum
500 4959 588 5000 voces
611 4941 732 5001 libellus
752 4948 783 5001 et
801 4941 898 5000 libelli
918 4941 1029 5001 ibidem
1051 4959 1192 5018 persaepe
1214 4946 1381 5012 occurrant,
1396 4941 1428 5000 vi
1448 4939 1580 5020 proiecto
1599 4940 1753 5001 cuiusdam
1775 4939 1852 4999 certi
1872 4945 1902 4998 et

411 5038 525 5099 definiti
547 5039 629 5112 libri,
644 5039 692 5098 vel
714 5039 850 5116 plurium
872 5037 1032 5110 librorum,
1053 5038 1103 5098 vel
1124 5039 1250 5115 denique
1273 5039 1440 5115 generatim
1463 5057 1517 5117 pro
1538 5045 1600 5098 toto
1619 5055 1718 5115 opere,
1739 5037 1789 5098 vel
1810 5035 1903 5096 omni·

412 5138 468 5197 bus
482 5142 583 5214 poetae
597 5137 745 5214 operibus.
764 5137 885 5212 Quoque
899 5137 997 5213 magis
1018 5153 1067 5196 res
1083 5135 1113 5195 in
1126 5144 1231 5214 aperto
1251 5137 1303 5209 sit,
1316 5137 1416 5213 aliqua
1432 5135 1468 5198 de
1482 5137 1586 5197 multis
1603 5135 1659 5196 luit
1679 5135 1836 5196 consilium
1853 5134 1902 5193 hic

413 5235 571 5311 praecipua
590 5233 759 5294 huiusmodi
779 5233 916 5310 exempla
940 5234 970 5293 iu
991 5233 1123 5294 medium
1153 5235 1269 5295 afferre.
1284 5234 1329 5293 Ex
1349 5235 1465 5311 quibus,
1480 5235 1509 5294 ni
1524 5233 1623 5306 fallor,
1637 5233 1719 5293 clare
1739 5231 1903 5310 apparebit,

411 5347 572 5409 numquam
600 5333 695 5391 isdem
724 5333 896 5392 nominibus
923 5331 1070 5393 Ovidium
1101 5329 1202 5411 (quem
1224 5331 1249 5392 ei
1271 5349 1448 5409 quemquam
1475 5332 1579 5403 alium,
1600 5348 1654 5392 suo
1677 5331 1803 5407 quodam
1829 5330 1904 5400 iure,

412 5430 509 5490 lacere
530 5431 561 5489 id
581 5430 712 5508 potuisse
733 5429 984 5509 memoravimus)
1006 5429 1162 5506 singula
1193 5431 1367 5490 carmina
1392 5436 1423 5491 et
1446 5429 1573 5490 libros
1594 5429 1673 5490 inter
1689 5446 1721 5489 se
1735 5427 1902 5489 confudisse

412 5527 469 5608 (1);
490 5529 646 5588 commode
660 5534 812 5604 praeterea
834 5528 965 5607 potuisse
986 5527 1045 5589 dici
1066 5546 1084 5589 a
1106 5529 1264 5606 Propertio
1283 5535 1345 5588 tres
1366 5529 1492 5599 libellos,
1513 5533 1584 5604 quot
1604 5527 1635 5588 in
1655 5527 1757 5588 animo
1778 5527 1901 5586 haberet

411 5627 619 5687 amatorios
644 5626 770 5686 libros
791 5626 828 5686 ad
849 5625 1010 5703 Cynthium
1025 5627 1159 5687 scribere
1173 5625 1247 5708 (11),
1262 5632 1422 5704 postremo,
1436 5625 1562 5687 eundem
1583 5625 1682 5704 ipsum
1697 5624 1819 5686 omnino
1835 5640 1901 5684 ease

413 5741 499 5784 usum
515 5743 622 5785 vocum
638 5743 654 5779 a
673 5724 755 5796 libri,
771 5724 876 5798 libelli,
891 5725 1062 5797 voluminis,
1076 5725 1225 5786 carminis
1239 5748 1254 5784 a
1269 5731 1300 5786 et
1313 5723 1389 5802 apud
1407 5724 1548 5786 Ovidium
1563 5732 1594 5786 et
1607 5723 1685 5803 apud
1700 5722 1901 5801 Propertium.
