4210 6598
823 691 1036 763 ...35-

179 925 296 1000 quam
325 925 413 976 oum
445 899 642 976 considero
669 899 827 978 eandem
846 925 1001 1003 prorsus
1019 925 1100 976 esse
1127 899 1166 975 iu'
1195 891 1373 976 omnibus
1393 887 1577 1002 Propertii
1597 927 1676 978 car-

179 1040 361 1134 minibus,
391 1040 519 1118 nescio
536 1041 728 1143 quomodo
747 1042 828 1118 eius
845 1066 1010 1118 amorem
1039 1067 1170 1117 omnes
1197 1067 1316 1142 paene
1330 1039 1416 1118 VV.
1432 1042 1516 1119 DD.
1541 1045 1675 1120 fictum

181 1183 398 1279 habuerint,
426 1183 518 1260 item
540 1184 732 1285 quomodo
750 1184 791 1261 iu
810 1181 969 1260 lacinias
988 1149 1279 1283 pulcherrimam
1297 1182 1398 1261 hanc
1417 1183 1576 1287 elegiam
1594 1212 1676 1262 esse

181 1323 428 1402 dividendam
454 1324 611 1427 quidam
638 1325 870 1427 putaverint.

236 1465 285 1544 In
312 1477 486 1544 nostrum
513 1493 603 1546 vero
622 1467 752 1544 orbem
770 1466 984 1564 redeuntes,
1004 1493 1246 1571 nequaquam
1273 1493 1361 1544 cum
1380 1466 1676 1546 Fleischmanno

181 1608 281 1686 facio
309 1608 423 1686 etiam
460 1609 500 1685 in
535 1608 830 1710 interpretandis
857 1637 921 1687 vv.
954 1614 1095 1708 13-14,
1123 1607 1164 1715 (¹)
1188 1637 1288 1712 quoe
1323 1621 1468 1711 puncto
1503 1611 1555 1687 ab
1581 1611 1677 1688 inse·

181 1751 317 1852 quenti
344 1749 409 1829 illc
436 1752 615 1855 seiungit,
644 1751 752 1828 velut
779 1754 810 1828 si
836 1752 1021 1830 conclusa
1048 1753 1094 1829 iis
1119 1764 1218 1830 esset
1245 1753 1443 1830 sententia:
1472 1755 1577 1856 quod
1609 1755 1676 1830 mi·

181 1893 285 1970 nime
311 1893 392 1970 ficri
420 1920 530 1996 posse
556 1920 624 1996 per
650 1920 690 1971 ee
715 1893 878 1996 quisque
896 1895 1034 1972 viderit
1053 1891 1113 1971 vel
1141 1893 1263 1997 prima
1290 1895 1425 1990 fronte,
1453 1906 1608 1998 propter
1624 1898 1679 2000 ip·

182 2063 264 2112 sam
302 2036 504 2112 verbomm
537 2049 781 2133 structuram,
815 2063 915 2140 quae
949 2035 1169 2116 absolutum
1206 2063 1372 2132 sensum,
1407 2036 1516 2113 nullo
1549 2039 1675 2136 modo,

183 2178 246 2256 vel
274 2179 314 2255 in
342 2206 513 2256 sermone
531 2205 713 2282 perquam
741 2177 882 2282 presso,
899 2205 983 2256 meo
1009 2179 1164 2275 iudicio,
1192 2180 1363 2282 capiunt.
1383 2179 1456 2255 His
1478 2180 1579 2257 enim
1598 2209 1679 2260 ver-

184 2321 245 2397 bis
271 2319 399 2398 locum
428 2319 593 2423 explicat
619 2318 951 2398 Fleischmannus:
980 2363 1033 2380 -
1060 2321 1130 2397 Ex
1156 2303 1583 2399 antecedentibus
1611 2351 1675 2401 vv.

187 2465 317 2540 11-12.
346 2471 493 2566 poeta
520 2463 762 2540 rationem
791 2461 1055 2558 concludit,
1084 2461 1130 2540 id
1156 2462 1282 2564 quod
1310 2462 1590 2540 coniunctio
1617 2491 1677 2540 er·

178 2632 236 2709 po
263 2607 379 2683 benc
404 2604 605 2683 indicat:
632 2637 648 2672 e
674 2603 1255 2710 Cynthia-inquit·meis
1282 2605 1558 2682 muneribus
1584 2627 1678 2683 car-

183 2748 488 2850 minibueque
515 2746 751 2850 neglectis
779 2772 1027 2848 numquam
1054 2773 1120 2824 me
1147 2747 1327 2844 amavit3
1347 2773 1452 2849 erpo
1470 2747 1676 2851 frustra,

185 2891 288 2968 sinc
324 2890 424 2967 ullo
465 2901 638 2969 eventu
676 2889 1040 2969 multosannos
1077 2889 1275 2967 multum
1315 2888 1523 2967 laborem
1561 2891 1689 2971 mul·'

185 3045 372 3136 tamque
404 3059 592 3136 operam
624 3033 809 3135 perdidi
841 3045 887 3110 ct
918 3031 1199 3109 temerarius
1230 3031 1279 3134 (i.
1308 3057 1345 3108 e.
1374 3031 1572 3109 consilii
1604 3061 1679 3112 ex-

185 3175 312 3280 pers)
337 3201 483 3270 eram,
509 3175 627 3277 qnia
653 3175 802 3252 finem
832 3174 1058 3251 debebam
1085 3171 1337 3276 respicere,
1366 3173 1451 3274 qui
1486 3174 1679 3254 tuturus

186 3329 320 3396 esset
350 3317 534 3394 amoris
565 3328 716 3418 atque
751 3314 1010 3393 amicitiae
1040 3313 1313 3419 Cynthiae,
1346 3315 1549 3418 puellae
1582 3329 1678 3410 tam

184 3459 549 3554 inconstantis.
578 3459 747 3553 »Quod
777 3437 967 3537 verbum
997 3457 1354 3535 substantivum
1382 3484 1503 3536 eram
1529 3460 1678 3557 deest,

186 3603 380 3682 nullam
410 3603 563 3682 babet
593 3601 956 3700 difficultatem
990 3627 1093 3678 nam
1125 3612 1172 3690 et
1202 3601 1394 3676 Biandt
1425 3613 1472 3678 et
1503 3603 1681 3680 Hertz·

186 3750 301 3850 berg
327 3745 478 3824 multa
504 3744 716 3847 exempla
743 3745 984 3860 adferunt,
1013 3733 1182 3845 quibus
1212 3743 1491 3845 Propertium
1519 3746 1682 3823 maiore

186 3891 319 3969 etiam
348 3887 532 3966 licentia
559 3888 603 3964 in
632 3915 680 3964 ea
707 3886 882 3989 quidem
906 3913 1096 3963 reusam
1125 3912 1218 3963 esse
1246 3885 1680 3994 demonstrent&—

186 4033 274 4126 Qua
300 4032 454 4136 quidem
474 4037 616 4120 ‚nostra
642 4030 768 4131 potior
796 4028 1059 4130 interpretatio
1090 4029 1141 4105 sit
1170 4027 1348 4106 habenda
1367 4047 1512 4125 necne,
1540 4031 1683 4108 iudicet

186 4174 514 4276 lectorz-Age
541 4171 675 4269 mihi,
705 4171 950 4272 improba,
979 4171 1160 4247 fatere:
1191 4197 1297 4246 cum
1326 4183 1402 4250 tot
1427 4171 1575 4269 mala,
1604 4184 1682 4249 tot
1739 4147 1742 4157 Ι

188 4345 274 4421 per
299 4343 468 4411 anuos,
497 4341 521 4390 a
549 4325 593 4391 te
619 4314 842 4414 tuisque,
884 4311 1110 4389 credulus
1138 4311 1349 4409 nimium,
1384 4312 1680 4414 pertulerim,

187 4485 482 4562 umquamne
514 4456 788 4559 promissam
821 4454 918 4530 tibi
946 4454 1096 4530 fidem
1126 4452 1308 4530 fefelli?
1338 4454 1680 4556 Numquamne

189 4613 353 4678 tamen
380 4597 652 4702 opprobriis
683 4624 751 4673 me
784 4597 993 4672 obruere
1024 4593 1256 4672 desistas?
1283 4639 1335 4653 --
1363 4594 1476 4687 Quod
1504 4595 1682 4673 licentius

188 4769 304 4845 quam
336 4741 550 4818 communis
577 4739 683 4815 verbi
711 4739 808 4815 ferat
839 4737 1028 4814 sententia
1054 4736 1174 4837 siquis
1203 4736 1340 4812 dixerit
1366 4763 1390 4812 a
1417 4763 1477 4812 me
1503 4737 1684 4838 interpre-

189 4896 312 4961 tatum
339 4911 422 4985 erqo
449 4910 541 4977 esse,
570 4882 603 4958 is
631 4882 726 4958 sciat
754 4908 832 4957 nou
860 4890 1011 4956 tantum
1040 4877 1138 4955 illud
1166 4879 1220 4955 sic
1249 4906 1308 4955 me
1335 4879 1501 4956 voluisse
1528 4907 1683 4982 prorsus

188 5025 488 5128 intellegendum
516 5033 705 5125 quantum
728 5023 866 5123 quovis
892 5021 968 5097 alio
986 5020 1110 5116 modo,
1131 5018 1223 5097 dum
1242 5021 1301 5097 vis
1319 5020 1427 5097 velut
1445 5020 1683 5122 indignantis

245 5501 294 5583 (t)
315 5503 360 5565 Cf.
381 5508 475 5564 nostr.
496 5519 525 5562 n.
546 5519 575 5579 p.
596 5499 665 5561 ³22.

245 5599 293 5682 (2)
314 5601 504 5663 Baasnrrmr
534 5597 695 5660 considit
723 5597 774 5658 sed
804 5613 897 5673 neque
925 5596 1040 5658 Hsarz.
1065 5612 1168 5674 neque,
1189 5597 1266 5674 quod
1295 5596 1389 5675 pluria
1419 5598 1552 5668 interest,
1575 5597 1664 5673 Prop.

192 5700 263 5777 quid
285 5699 344 5760 tale
364 5699 515 5760 exhibent.
