4210 6598
898 682 1109 752 ...47...

257 896 381 974 meliis
408 895 447 971 in
476 892 695 998 Cynthium,
726 918 803 968 nou
831 891 921 966 diris
948 890 1135 990 minisque
1162 889 1200 964 in
1229 888 1397 982 rivalem,
1422 890 1531 966 cuius
1557 891 1668 967 modo
1696 919 1744 968 ne

256 1039 400 1136 mentio
418 1038 584 1141 quidem,
603 1048 661 1112 est
678 1035 739 1110 hic
757 1033 880 1110 loeus:
910 1032 1023 1134 plena
1049 1030 1234 1133 dignitate
1253 1031 1383 1127 oratic,
1404 1033 1628 1110 suavissima
1654 1063 1744 1136 qua·

256 1184 349 1258 dam
378 1207 496 1282 usquc
515 1177 666 1255 tristitia
686 1177 806 1252 tincta
823 1191 937 1276 atque
954 1200 1132 1250 moerore.
1151 1173 1238 1250 Non
1266 1173 1473 1251 humilibus
1500 1176 1747 1254 instantibus·
1772 1185 1792 1229 ⁴

256 1351 334 1426 que
362 1324 537 1426 precibus
569 1318 777 1425 Cynthium
802 1316 1040 1421 prosequitur
1066 1327 1189 1418 poeta,
1219 1325 1259 1392 at
1286 1317 1450 1418 oblique,
1483 1330 1528 1396 ut
1564 1321 1743 1420 perluit,

255 1467 469 1567 leviterque
496 1464 635 1567 passim
662 1489 741 1538 rem
767 1487 875 1537 stram
902 1459 1094 1559 attingens
1113 1457 1191 1562 (vv.
1222 1461 1282 1533 15.
1313 1461 1375 1534 86.
1405 1460 1494 1563 57.),
1523 1463 1746 1541 manifestis·

259 1609 355 1684 sime
382 1619 508 1683 tamcn
545 1604 754 1682 cohibitum
781 1601 897 1678 animi
931 1602 1124 1702 ingentem
1150 1599 1320 1676 ardorem
1348 1603 1539 1703 patefacit.

316 1749 478 1852 Egregie
505 1775 593 1851 ergo
620 1745 766 1823 fallitur
804 1745 1088 1846 Hertzbergius,
1120 1741 1186 1845 qui
1213 1771 1326 1820 versu
1353 1748 1416 1820 42.
1441 1745 1557 1825 lianc.
1586 1748 1633 1825 el.
1662 1751 1748 1828 vult

261 1891 497 1988 conclusam,
516 1891 625 1968 velut
642 1890 673 1966 si
692 1888 910 1991 Propertius
930 1898 1134 1964 contentus
1160 1886 1323 1988 denique
1340 1865 1435 1964 mori
1462 1917 1615 1992 prorsus
1634 1907 1746 1970 esset:

261 2049 301 2114 et
334 2036 543 2114 absurdum
575 2032 886 2135 superadstrueus
922 2030 1099 2126 absurdo,
1134 2057 1250 2130 quam
1284 2057 1330 2106 ex
1362 2030 1409 2108 el.
1440 2035 1476 2108 9.
1504 2048 1591 2136 post
1617 2063 1654 2112 v.
1684 2038 1747 2113 40.

260 2181 461 2275 lacerarat,
480 2179 518 2254 in
540 2177 653 2254 huius
671 2174 718 2253 el.
738 2175 827 2251 inde
844 2200 868 2249 a
881 2201 918 2250 v.
938 2176 1003 2248 43.
1023 2172 1200 2249 laciniam
1218 2173 1428 2274 imponens,
1448 2176 1666 2254 absolutum
1681 2207 1750 2256 un-

262 2324 379 2424 dique
415 2347 567 2398 carmen
602 2317 809 2396 restituisse
844 2316 1007 2418 putavit.
1035 2315 1157 2416 quue
1184 2342 1229 2391 ea
1255 2314 1495 2418 simplicitate
1525 2347 1644 2422 eaque
1670 2350 1751 2425 per·

264 2466 443 2544 suasione
475 2463 654 2556 defendit,
683 2470 727 2537 ut
754 2429 831 2536 uon
857 2459 1051 2561 ingratum
1083 2459 1253 2534 futurum
1282 2459 1331 2534 sit
1361 2459 1518 2538 fortasse
1544 2462 1750 2544 lectoribus

264 2597 394 2713 ipsum
416 2605 706 2707 Hertzbergium
734 2602 781 2680 de
807 2602 880 2678 hac
910 2628 950 2677 re
981 2600 1200 2702 loquentem
1225 2601 1367 2678 audire.
1395 2647 1449 2661 -
1474 2640 1489 2670 ι
1515 2605 1610 2682 Iam
1637 2608 1750 2685 mihi
1890 2617 1892 2620 ’

266 2750 554 2844 considera,
587 2745 705 2848 quid
740 2744 873 2820 illud
909 2743 996 2838 sit,
1028 2744 1159 2843 quod
1193 2741 1398 2820 librarii
1434 2746 1638 2848 dignum
1670 2751 1752 2828 ha·

266 2895 494 2989 buerint,
536 2917 630 2993 quo
671 2902 767 2965 tam
812 2887 1066 2989 egregium
1111 2912 1279 2987 poema
1323 2889 1586 2992 ipsumque
1631 2895 1751 2974 adeo

269 3037 527 3117 conditum
565 3037 609 3110 et
645 3029 896 3133 sepultum
932 3038 1126 3131 poetam
1165 3040 1342 3105 contra
1377 3030 1485 3108 eius
1521 3046 1639 3113 vota
1675 3065 1753 3116 su·

269 3207 428 3285 prema
465 3177 740 3254 turbarent.
772 3173 908 3268 Eum,
941 3143 1075 3271 quem
1110 3171 1180 3246 ita
1215 3182 1493 3250 contentum
1527 3203 1611 3254 sua
1642 3207 1753 3262 con·

271 3324 459 3402 ditione
494 3318 628 3395 modo
663 3314 871 3392 vidimus
903 3324 948 3392 et
979 3313 1188 3409 beatum,
1223 3325 1274 3389 ut
1309 3315 1383 3392 vel
1420 3328 1528 3418 post
1563 3322 1754 3403 cineres

271 3466 368 3544 alia
395 3463 463 3540 uti
491 3489 536 3539 se
563 3459 687 3536 velle
714 3467 924 3560 negaret,
952 3455 1076 3532 huuc
1103 3456 1297 3532 eundem
1330 3460 1558 3538 continuo
1585 3464 1753 3544 iubent

271 3581 425 3685 vitam
458 3631 593 3682 suam
624 3600 877 3678 exsecrari
912 3598 1179 3699 horamque
1210 3598 1383 3700 ipsam,
1417 3629 1513 3702 qua
1545 3606 1752 3707 primum

272 3754 434 3830 lucem
470 3745 770 3848 adspexerit,
808 3725 1057 3818 flebiliter
1091 3741 1355 3818 detestari.
1390 3779 1405 3810 ν
1433 3744 1604 3848 (Quaest.
1639 3752 1752 3856 Prop.

173 3941 177 3950 ·
274 3925 313 3998 p,
347 3892 425 3996 99.)
456 3935 508 3948 -
537 3923 553 3955 ι
584 3887 681 3963 Has
717 3886 834 3961 duas
869 3883 1065 3959 laceras
1102 3895 1263 3984 partes
1299 3885 1405 3962 dum
1442 3915 1672 3992 comparo
1710 3909 1756 3974 et

274 4033 568 4116 accuratius
604 4027 816 4122 excutio,
853 4053 945 4102 nou
982 4026 1089 4102 siue
1116 4053 1286 4128 magna
1312 4055 1411 4104 mea
1437 4033 1757 4117 admiratione

273 4179 394 4274 vidi,
432 4175 721 4254 coniunctas
757 4169 999 4270 integrum
1036 4181 1080 4246 et
1115 4170 1173 4245 ab
1209 4171 1338 4247 omni
1375 4186 1511 4275 parte
1548 4178 1756 4260 solidum

276 4323 473 4402 efficere
505 4341 693 4394 carmen
725 4323 818 4392 etc.
847 4308 1146 4414 ·(1b.p.219.)
1172 4356 1224 4370 -
1251 4311 1326 4389 Sed
1353 4315 1602 4422 Hertzbergio
1629 4323 1759 4401 adver.

276 4465 349 4542 sari
368 4460 541 4554 sufficiat,
559 4456 714 4532 minime
731 4454 772 4530 in
794 4464 952 4553 utreque
978 4450 1099 4554 elegia
1116 4466 1274 4530 mortem
1292 4453 1488 4535 invocasse
1507 4461 1756 4564 Propertium,

275 4635 408 4688 verum
439 4599 630 4708 Cynthiae
656 4623 836 4674 amorem:
867 4594 970 4696 quod
1001 4595 1154 4695 quidem
1181 4596 1221 4671 in
1250 4599 1424 4676 estremis
1450 4601 1527 4679 illis
1554 4605 1759 4708 elegiarum

277 4751 450 4856 partibus
477 4723 739 4846 significatum
765 4737 926 4814 maxime
957 4747 1028 4834 est;
1057 4737 1198 4838 quibus
1228 4739 1384 4837 avulsis,
1413 4746 1616 4847 praecipua
1646 4752 1759 4830 ctiam
1835 4845 1836 4848 Ἴ

278 4892 489 4973 carminum
516 4882 704 4964 sententia
730 4891 787 4958 est
813 4878 978 4957 sublata.
1006 4879 1205 4971 Quomodo
1232 4893 1361 4959 autem
1387 4911 1433 4960 ex
1459 4914 1497 4964 v.
1526 4887 1634 4994 (17.):

529 5105 547 5142 ι
569 5077 829 5163 Quandocumque
850 5074 947 5161 igitur
968 5075 1086 5141 nosnos
1109 5093 1190 5142 mors
1212 5057 1336 5144 claudet
1358 5080 1469 5147 ocellos
1491 5108 1510 5144 ›

279 5251 374 5330 mori
407 5260 500 5325 tunc
532 5270 572 5320 sc
601 5239 691 5316 uelle
721 5248 870 5340 poetam
903 5235 1173 5339 Hertzbergius
1204 5237 1473 5346 interpretatus
1503 5247 1589 5344 sit,
1618 5253 1760 5331 nescio:

278 5420 393 5497 quern
428 5390 556 5466 locum
592 5383 624 5460 si
659 5407 748 5457 cunr
783 5405 847 5454 vv.
878 5381 1007 5454 71-78.
1036 5378 1083 5454 el.
1115 5383 1149 5454 1.
1179 5380 1378 5460 huiusdem
1414 5384 1481 5464 lib.
1510 5391 1693 5491 conferas,
1724 5396 1764 5472 id

279 5537 384 5640 quod
411 5531 498 5609 volo
525 5556 592 5632 per
628 5538 665 5603 te
701 5521 820 5599 satius
848 5520 918 5597 tibi
945 5521 1015 5597 erit
1049 5549 1283 5623 persuasum.
1312 5525 1466 5617 Quanto
1503 5534 1649 5630 melius,
1676 5565 1764 5615 cum

280 5681 380 5757 hanc
407 5677 717 5778 interpretaretur
742 5662 912 5764 elegiam,
931 5663 971 5738 in
990 5675 1154 5741 mentem
1174 5667 1444 5772 Hertzbergius
1467 5691 1678 5756 revocasset
1696 5682 1766 5758 ele·

519 5958 539 6004 0
