4210 6598
851 723 1061 799 ...27-

214 952 338 1030 neque
365 927 516 1008 demum
542 929 645 1033 qnod
674 931 795 1009 voluit
821 935 872 1010 sit
898 946 1104 1012 assecutus.
1127 933 1253 1027 Quare
1280 927 1465 1037 optimum
1492 924 1601 1012 factu
1623 936 1694 1012 rati

215 1097 346 1148 sumus
363 1070 502 1176 (studio
521 1072 648 1174 potius
668 1075 832 1152 auctoris
851 1077 968 1172 ducti,
988 1103 1102 1178 quam
1121 1077 1259 1154 nostris
1277 1077 1423 1154 viribus
1449 1077 1696 1182 confidentes)

215 1239 286 1290 nos
319 1215 443 1292 denuo
470 1218 707 1293 tractandam
740 1219 998 1318 quaestionem
1036 1221 1236 1321 suscipere,
1265 1221 1319 1296 ita
1346 1245 1435 1296 vero
1463 1232 1507 1296 ut
1533 1221 1599 1296 vix
1629 1231 1698 1297 aut

217 1383 265 1434 ne
298 1357 362 1433 vix
394 1359 547 1459 quidem
579 1360 620 1436 in
653 1359 902 1461 plurimorum
936 1363 1061 1464 nugis,
1089 1361 1199 1465 (quae
1233 1361 1338 1439 aliud
1372 1357 1594 1464 plerumque
1621 1363 1696 1439 dici

216 1501 423 1604 nequeunt)
449 1502 507 1577 uti
534 1502 681 1579 occasio
709 1500 815 1600 ierat,
842 1502 1042 1600 immorati,
1063 1504 1300 1580 Lachmanni
1327 1505 1565 1606 potissimum
1587 1531 1696 1606 argu·

215 1656 342 1720 menta
368 1644 499 1723 ordine
525 1671 797 1742 recenseamus,
826 1645 961 1723 ducem
988 1645 1324 1724 Fleischmannum
1352 1649 1485 1724 secuti.

294 1945 326 2020 Ι.
355 1971 407 2023 nn
433 1971 576 2024 perusa
604 1970 824 2026 ιιοιιιιιιιιιι
850 1971 1204 2032 rnuunnursmours
1231 1971 1353 2028 rsnrn
1380 1975 1530 2028 aeroas:
1552 1975 1624 2029 san
1643 1977 1696 2028 nn

286 2061 287 2064 ‘
378 2095 629 2149 rurnomrarn
657 2095 774 2156 canu..
798 2095 1151 2152 rnornnrnnonuu.
1181 2118 1233 2132 -

268 2319 402 2397 Trium
428 2331 626 2397 auctorum
661 2321 932 2399 Lachmannus
964 2322 1107 2425 profert
1138 2323 1353 2400 testimonia
1381 2336 1423 2400 ut
1449 2326 1582 2426 probet
1612 2323 1696 2427 plu-

159 2523 162 2528 .
217 2462 312 2538 rima
338 2463 452 2564 Prop.
480 2463 648 2540 carmina
675 2464 813 2540 iniuria
839 2465 1017 2567 temporis
1043 2466 1290 2543 intercidisse.

269 2605 440 2682 Primum
467 2615 524 2682 est
549 2604 744 2709 Fulperdii,
770 2607 837 2708 qui
854 2607 894 2684 in
907 2588 1038 2710 'opella
1064 2609 1108 2685 dc
1133 2611 1292 2709 antiquis
1318 2609 1549 2704 sermonibus,
1568 2611 1639 2687 sub
1659 2638 1695 2686 v.

218 2746 368 2840 dividia,
397 2746 500 2824 hunc
526 2773 678 2825 versum
705 2747 901 2851 Propertio
928 2748 1128 2830 adscribit:
1163 2765 1166 2771 ’
1493 2717 1501 2740 .

599 2983 617 3021 ι
640 2960 777 3028 Dividias
800 2961 912 3029 mantis
933 2961 1054 3030 conficit
1076 2961 1174 3030 omnis
1195 2979 1291 3044 arnor,

218 3185 331 3260 quem
365 3159 576 3235 carminum
613 3159 837 3236 traditorum
873 3161 988 3237 habet
1023 3159 1185 3238 nullum.
1219 3160 1272 3237 At
1302 3159 1507 3264 Fulgentio
1543 3162 1697 3239 minime

217 3300 331 3377 fidem
356 3300 581 3390 habendam,
611 3302 684 3379 nisi
711 3301 840 3404 aliqua
867 3303 942 3379 alia
960 3314 1080 3380 exstet
1103 3305 1320 3400 auctoritas,
1348 3305 1424 3380 iarn
1450 3305 1523 3382 fuit
1546 3306 1698 3382 demon·

219 3454 396 3542 stratum3
432 3470 519 3521 omn
553 3445 770 3546 praesertim
798 3445 1015 3544 abeodem,
1044 3446 1116 3522 sub
1144 3473 1182 3522 v.
1211 3446 1385 3543 catillum,
1414 3448 1599 3550 Propertii
1634 3474 1699 3524 nc-

220 3588 321 3664 mine
348 3586 410 3664 hic
436 3614 474 3664 v.
503 3587 660 3664 citeturr
1268 3569 1271 3574 ¹

424 3825 441 3861 ι
465 3799 613 3868 Catillata
634 3800 715 3887 geris
737 3800 909 3868 vadimonia
931 3799 1109 3886 pubblicum
1131 3797 1345 3885 prostibulum.
1369 3825 1386 3863 a
1413 3749 1449 3886 (11

270 3995 444 4074 Alterum
477 3953 534 4074 est
568 3995 699 4090 Servii,
726 4023 750 4072 a
779 4002 861 4098 qno'
890 3996 939 4074 ad
972 3992 1086 4099 Verg.
1114 3995 1208 4074 Bnc.
1238 3994 1285 4074 V.
1314 3999 1391 4092 21,
1419 4007 1465 4072 nt
1497 3997 1695 4099 Propertii,

216 4164 304 4240 pars
332 4139 423 4216 haec
451 4167 582 4216 versus
607 4138 811 4242 profertur:
837 4175 853 4207 ι
879 4140 1042 4217 Testes
1071 4150 1174 4216 sunt
1201 4138 1355 4254 sidera
1382 4139 1525 4216 nobis:
1554 4175 1570 4208 ι
1594 4165 1699 4241 prae-

216 4295 328 4378 terea,
361 4283 411 4359 ad
445 4281 584 4385 Georg.
613 4284 644 4358 Ι.
676 4287 737 4359 19.
754 4367 756 4374 ,
773 4283 819 4360 de
852 4285 967 4370 aratri
1002 4285 1200 4361 inventore
1233 4281 1405 4388 loquens,
1439 4282 1532 4360 haec
1566 4282 1696 4359 habet:

273 4764 320 4844 (1)
342 4783 360 4824 a
381 4765 492 4825 Animo
510 4749 710 4843 [Fulgentius]
725 4761 780 4827 suit
801 4765 928 4826 lert...
945 4776 1037 4840 neque
1054 4779 1149 4823 vanae
1169 4760 1284 4840 gloriae
1297 4760 1458 4840 cupiditate
1479 4761 1620 4832 vacabam
1640 4779 1698 4838 qua

219 4868 395 4936 commotus,
409 4867 441 4922 ut
454 4865 582 4941 speciem
597 4879 732 4923 summae
751 4864 893 4924 scientias
906 4871 936 4923 et
949 4863 1101 4923 doctrinae
1115 4860 1292 4921 abundantis
1313 4862 1476 4938 praeberet,
1490 4877 1565 4936 quac
1578 4858 1698 4920 aliunde

220 4957 369 5033 hauserat,
389 4961 617 5020 auctoribus
638 4979 709 5020 non
730 4961 913 5038 inspectis
934 4970 1052 5036 usque
1072 4959 1311 5018 examinatis
1332 4975 1420 5033 quam
1441 4957 1600 5020 celerrime
1620 4975 1698 5018 com·

220 5058 327 5135 posuit,
347 5074 415 5118 cum
444 5058 474 5118 id
502 5076 591 5118 unum
620 5062 723 5134 ageret
743 5062 776 5118 ut
795 5056 1016 5119 admirarentur
1043 5057 1177 5116 homines
1204 5061 1313 5132 quanta
1338 5054 1511 5128 adulescens
1538 5057 1703 5116 admodum,

219 5156 509 5234 conscripsisset...
524 5154 594 5215 Hac
615 5153 737 5215 irritata
757 5159 787 5215 at
807 5156 975 5216 temeritate
999 5153 1110 5215 iactum
1130 5160 1176 5214 est
1196 5161 1229 5214 ut
1248 5153 1447 5231 gravissimos
1468 5153 1498 5212 in
1518 5169 1636 5214 errores
1657 5153 1699 5215 iu·

220 5253 414 5327 adorata...
442 5254 660 5331 scriptores
686 5259 724 5313 ct
750 5269 867 5330 opera
894 5251 973 5314 alia
1001 5271 1082 5314 cum
1109 5252 1206 5313 aliis
1233 5249 1470 5312 confudit.»

253 5349 340 5412 uarii
353 5351 523 5412 Planciadls
534 5350 683 5428 Fulgentii
694 5347 733 5411 V.
741 5351 773 5412 C.
783 5369 872 5430 opera
883 5359 939 5423 ete,
950 5369 1010 5412 rec.
1024 5350 1170 5412 liudolfus
1180 5349 1280 5411 Halm:
1291 5350 1419 5428 Lipsiae,
1431 5349 1698 5410 Mncucxcvnr:

221 5447 323 5511 Praei.
346 5467 374 5527 p.
396 5446 449 5510 IV.
469 5477 510 5496 -
530 5449 574 5510 Cf.
595 5450 686 5509 etiam
707 5467 736 5526 p.
756 5449 794 5510 V:
816 5467 834 5509 a
855 5450 960 5527 Neque
980 5449 1059 5511 dicta
1079 5455 1135 5522 etc,
1157 5466 1175 5509 a
1196 5448 1345 5526 usquead
1366 5467 1385 5510 a
1405 5449 1530 5510 oriunda
1551 5466 1616 5509 esse
1636 5465 1700 5507 cen·

224 5564 333 5609 serem.
354 5567 373 5607 ι

272 5645 411 5706 Ceterum
431 5646 492 5705 iarn
514 5658 551 5706 er
572 5644 701 5722 antiquis
721 5643 777 5704 fuit
798 5644 848 5721 qui
869 5650 993 5722 utroque
1019 5663 1106 5722 quern
1132 5661 1221 5722 supra
1250 5648 1487 5706 memoravimus
1512 5644 1578 5705 loeo
1599 5645 1704 5704 Petro

221 5745 308 5804 niam
328 5744 359 5804 in
379 5760 476 5821 marg.
497 5743 671 5804 correxerit.
692 5741 736 5803 Cf.
757 5759 804 5820 op.
827 5742 876 5803 eit.
899 5742 999 5804 Praei.
1019 5743 1103 5818 XIV,
1124 5750 1155 5804 et
1173 5761 1221 5821 pp.
1244 5743 1311 5816 118,
1335 5743 1400 5802 121.
