4210 6598
884 696 1095 784 ..45-

459 923 528 1007 Quo
551 923 633 1011 fugis
655 923 695 991 ah
716 923 863 993 domena?
885 924 981 992 Nulla
1003 926 1051 992 eat
1072 924 1157 1011 fuga.
1180 923 1228 991 Tu
1250 923 1323 990 lieet
1344 940 1441 1007 usque

504 1049 552 1117 Ad
574 1050 692 1117 Tanain
714 1049 826 1136 fugias,
849 1069 946 1135 usque
967 1051 1111 1136 aequetur
1132 1049 1237 1117 Amor.

460 1175 529 1241 Non
552 1175 578 1241 si
601 1176 735 1262 Pegaseo
758 1176 937 1243 1111111111
960 1174 1149 1255 1111111111,

504 1301 568 1369 Neo
590 1300 647 1368 tibi
668 1300 694 1368 ei
717 1301 817 1368 Persei
840 1301 969 1369 moverit
991 1301 1042 1368 aia
1063 1301 1164 1386 podes,

461 1425 518 1492 Vel
541 1426 568 1492 si
590 1428 622 1493 11
644 1428 746 1494 saetae
767 1427 888 1512 rapiant
909 1425 1060 1494 talaribus
1081 1445 1187 1493 aurae:

503 1550 557 1618 Nil
578 1549 636 1619 tibi
657 1550 799 1619 Merourii
821 1551 954 1637 proderit
975 1553 1041 1619 alta
1063 1552 1124 1619 ria.

459 1677 561 1743 Instat
583 1696 700 1763 semper
721 1676 817 1745 Amor
837 1695 930 1762 supra
952 1679 1058 1763 eaput;
1081 1678 1178 1744 instat
1201 1677 1329 1756 amanti,

503 1803 545 1868 lit
565 1804 668 1889 grauis
690 1803 755 1889 ipse
775 1823 866 1888 super
887 1805 982 1870 libera
1004 1803 1083 1871 oolla
1106 1803 1200 1870 sedet.

459 1927 597 1994 1111111111
618 1928 672 1995 ille
693 1948 762 1996 aoer
785 1931 887 1996 eustos
911 1929 1071 1996 attollere
1094 1947 1263 2013 numquam

502 2055 547 2120 Te
568 2055 703 2140 patietur
724 2054 818 2122 hunno
842 2055 959 2121 lumina
982 2056 1073 2139 capta
1095 2054 1200 2122 semel.

1367 2178 1420 2264 (ΙΙ.
1445 2178 1498 2256 30,
1523 2178 1625 2260 1-10.)

458 2304 549 2371 Miles
570 2303 714 2390 depositis
737 2324 869 2373 annosus
891 2303 1017 2372 seoubat
1039 2304 1144 2386 armis,

503 2427 735 2514 Grandaevique
756 2433 872 2516 negem
893 2429 1002 2497 ducere
1024 2432 1127 2497 aratra
1148 2430 1250 2510 boves,

459 2554 563 2620 Putris
585 2557 617 2621 et
638 2555 669 2621 in
692 2574 789 2622 vaona
812 2555 973 2640 requiescit
995 2555 1082 2622 navis
1104 2574 1206 2636 arena,
1303 2531 1329 2624 ’.

502 2679 543 2746 Et
566 2681 654 2746 votus
676 2680 708 2746 in
730 2681 845 2766 templo
866 2680 976 2747 belliue
998 2699 1105 2766 parma
1127 2682 1230 2747 raoat:

458 2805 502 2872 nt
523 2824 574 2874 me
596 2805 634 2871 ab
657 2823 761 2873 amoro
782 2807 837 2873 tuo
858 2804 988 2873 deducet
1009 2806 1096 2872 nulla
1117 2807 1267 2886 senectus,

501 2931 572 2998 Sira
594 2949 651 3016 ego
672 2930 824 2998 Tithonus
847 2930 911 2998 aive
932 2949 990 3017 ogo
1011 2930 1123 2998 Nestor
1145 2950 1204 2999 ero.

458 3057 564 3124 Nonne
586 3055 647 3123 ruit
668 3056 767 3124 satius
789 3054 865 3124 duro
887 3056 998 3124 seruire
1020 3057 1150 3143 tyranno

505 3180 544 3248 ut
565 3200 686 3267 gemero
707 3181 739 3248 in
762 3183 861 3262 tauro,
884 3201 974 3250 saera
996 3181 1118 3262 Perille,
1141 3183 1206 3262 tuo,

458 3304 608 3392 Gorgonis
629 3307 661 3372 et
683 3306 782 3374 satius
804 3306 865 3373 fuit
887 3307 1081 3374 obdureeoere
1094 3307 1205 3387 uultu,

501 3429 664 3498 Caucasias
685 3431 780 3499 eiiam
803 3431 829 3498 si
851 3433 1025 3517 pateremur
1046 3437 1140 3499 aresi

455 3551 515 3622 Sed
537 3557 642 3622 umen
665 3555 823 3624 obsistam.
846 3556 969 3624 Teritur
991 3557 1130 3644 rubigine
1151 3577 1260 3625 muoro

501 3681 628 3747 Ferreus
650 3682 682 3748 ot
702 3699 796 3766 parvo
818 3701 907 3768 saepe
929 3681 1045 3767 liquore
1066 3683 1155 3750 siler:

457 3805 500 3872 nt
522 3805 607 3872 nullo
629 3804 770 3874 dominae
791 3808 901 3875 teritur
924 3809 981 3874 sub
1003 3809 1236 3889 111111111111101,
1258 3809 1312 3893 qui

501 3932 611 3998 Restat
633 3935 665 3998 et
686 3933 828 4000 inmerita
850 3934 982 4001 mstinet
1003 3953 1077 4002 aure
1098 3935 1207 4002 minas.

463 4053 554 4122 Ultro
575 4062 765 4142 coemptae
785 4063 886 4144 rogat,
908 4065 939 4126 et
951 4079 1098 4143 peccasse
1117 4059 1237 4144 fatetur

499 4181 631 4262 Looaaa,
649 4188 683 4286 'et
703 4183 812 4250 inuitae
832 4185 900 4266 agaae
920 4185 1004 4250 redit
1018 4185 1161 4268 podiae.

1367 4313 1421 4398 (11.
1444 4315 1498 4394 25,
1522 4315 1624 4398 5-20.)

298 4563 380 4638 Hoe
415 4560 531 4662 igitur
566 4571 751 4637 extremos
784 4561 1002 4663 praesertim
1037 4589 1169 4639 versus
1204 4564 1496 4660 considerantes,
1534 4574 1726 4666 praeterea

246 4732 310 4781 vv.
341 4707 476 4780 13-16.
504 4702 553 4780 11.
584 4705 649 4779 12:

538 4890 556 4924 a
579 4861 623 4929 Ia
644 4885 692 4930 me
714 4865 775 4931 tela
796 4870 932 4944 omnent,
956 4867 1061 4933 manet
1082 4868 1114 4934 et
1135 4868 1259 4951 puerilia
1281 4835 1396 4955 imago,

579 4989 638 5056 Sed
660 4992 741 5058 uerte
763 5011 875 5076 pennas
897 4992 1028 5078 perdidit
1049 4993 1102 5060 ille
1124 5014 1206 5074 suas,

535 5115 647 5182 Evolat
668 5115 746 5182 heu!
769 5117 872 5184 nostro
893 5118 1037 5204 quoniam
1058 5118 1096 5186 do
1118 5121 1237 5204 pectore
1259 5140 1423 5206 nusquam,

576 5240 795 5326 suadumque
815 5263 881 5309 meo
902 5246 1057 5328 sanguine
1079 5244 1160 5312 belia
1181 5247 1272 5330 gerit.
1296 5273 1315 5309 ›

245 5401 481 5505 cumprime
508 5401 669 5480 disticho
696 5402 743 5480 el.
775 5407 837 5480 13.
865 5407 1116 5485 conferentes:

538 5623 556 5660 e
578 5598 647 5666 Nou
669 5601 717 5667 tot
738 5599 951 5670 Achaemeniis
973 5608 1113 5672 armatur
1133 5607 1221 5673 Itura
1243 5609 1378 5694 sagittis,

578 5723 707 5807 81111111
728 5730 802 5810 quot
822 5732 928 5794 noaim
944 5734 1070 5812 pectore
1089 5731 1165 5814 fixit
1184 5733 1295 5802 Amor.
1320 5762 1339 5798 s
