4210 6598
1028 667 1240 740 ..90-

449 877 602 952 Vertr'ce:
632 877 813 954 translate
842 905 909 980 pro
937 878 1024 952 colle
1052 880 1103 982 ().

441 1089 584 1181 Notior,
611 1089 636 1164 i.
656 1117 702 1184 e,
722 1117 834 1190 qerum
861 1093 948 1166 urbs
969 1119 1041 1190 per
1067 1095 1207 1191 serpso
1235 1095 1291 1167 sii.
1320 1090 1472 1167 Etenim
1486 1092 1559 1191 ¹qni
1588 1091 1659 1166 hoc
1686 1093 1806 1164 notior
1831 1089 1879 1164 arl

386 1210 484 1288 illud
511 1215 604 1288 uotis
625 1216 821 1312 perietibus
847 1212 899 1317 (v.
923 1216 1013 1317 121)
1040 1217 1220 1312 referunt,
1248 1214 1354 1292 velut
1381 1216 1412 1290 si
1440 1215 1543 1290 clara
1572 1218 1611 1289 r'n
1640 1217 1727 1290 urbe
1755 1225 1879 1288 ortum

386 1334 466 1412 illie
493 1349 605 1437 pocta
632 1365 672 1414 se
698 1338 866 1434 dixisset,
886 1351 1034 1440 praeter
1059 1366 1174 1440 quam
1203 1340 1305 1440 quod
1325 1342 1417 1415 notis
1437 1341 1634 1438 penatibus
1660 1338 1801 1440 optime
1828 1363 1882 1412 re-

387 1460 572 1560 spondere
598 1474 720 1538 tenues
746 1461 840 1537 berec
858 1461 911 1564 (v.
934 1463 1024 1564 128)
1050 1463 1126 1539 iam
1154 1462 1331 1558 vidimus,
1352 1462 1461 1538 obliti
1489 1473 1590 1540 certe
1610 1462 1648 1538 lri
1677 1473 1781 1556 sunt,
1801 1460 1882 1537 sine

388 1582 470 1658 nlla
497 1582 610 1660 laude
641 1611 786 1686 suoque
814 1599 965 1662 tautum
992 1585 1146 1685 ingenio
1178 1586 1440 1663 aestimatione
1467 1585 1623 1688 diguam
1656 1585 1789 1662 urbem
1816 1610 1882 1660 na-

388 1707 502 1784 talem
531 1707 646 1810 paulo
674 1735 790 1810 supra
816 1709 867 1813 (v.
899 1712 963 1812 66)
991 1723 1140 1812 poetam
1169 1737 1406 1787 memorasse.

441 1955 502 2032 Ad
536 1983 734 2053 summam,
763 1970 809 2034 ut
840 1958 972 2060 paucis
1004 1959 1132 2035 omnia
1164 1957 1473 2060 complectamur,
1503 1959 1579 2034 ium
1612 1986 1658 2035 ex
1689 1957 1883 2061 lapidibus

387 2079 620 2180 apertissime
652 2080 773 2181 liquet
803 2080 972 2158 Asisium
1008 2083 1139 2158 urbem
1176 2083 1338 2183 patriam
1369 2081 1556 2183 Propertii
1589 2092 1722 2183 poetae
1752 2080 1880 2178 fuisse.

387 2201 440 2279 At
467 2203 565 2279 idem
597 2204 751 2282 abunde
788 2205 900 2282 etium
934 2205 1128 2306 colligitur
1155 2233 1176 2282 e
1203 2205 1327 2282 tribus
1359 2205 1562 2307 elegiarum
1596 2205 1717 2307 ipsius
1748 2217 1882 2306 poetae

389 2327 501 2403 locis:
529 2355 692 2430 quorum
724 2329 942 2432 primus(1.
972 2331 1035 2425 22,
1067 2333 1089 2404 3
1118 2341 1156 2406 et
1185 2329 1236 2432 9.)
1262 2332 1386 2424 siturum
1413 2329 1510 2406 alter
1535 2329 1618 2432 (IV.
1651 2334 1686 2425 1,
1717 2329 1781 2432 65)
1799 2329 1882 2429 for·
1988 2397 1991 2401 .

388 2477 502 2548 orara·
528 2452 666 2528 itcrrnn
694 2453 807 2529 situm
837 2453 916 2556 (ib.‚
940 2454 1077 2557 121-4)
1096 2464 1133 2530 et
1161 2455 1318 2529 formam
1347 2453 1412 2553 (ib.
1437 2453 1538 2554 125),
1563 2479 1691 2528 nomen
1718 2452 1882 2553 deniquo

391 2575 524 2658 tertius
551 2575 631 2678 (iu,
659 2575 727 2680 ib.)
754 2577 860 2653 urbis
887 2604 958 2652 uos
985 2578 1136 2653 docent.

445 5300 493 5378 (1)
514 5299 689 5362 «Absolute
710 5297 746 5358 de
767 5303 867 5358 monte
897 5304 948 5358 aut
978 5297 1070 5358 colle:
1089 5305 1176 5359 eto.»
1192 5295 1341 5358 Foncsrn.
1360 5297 1497 5358 Ceterum
1521 5297 1648 5376 figurate
1662 5317 1696 5359 ca
1713 5299 1742 5358 ri
1765 5297 1882 5377 saepius

391 5399 544 5458 invenitur
557 5397 633 5474 apud
650 5397 772 5456 Latinos
784 5398 946 5474 scriptores
961 5397 1076 5474 lupum,
1091 5397 1340 5472 quemadmodum
1356 5397 1433 5473 apud
1454 5413 1517 5468 uos,
1532 5399 1685 5473 procelle,
1700 5397 1884 5474 frequentior

390 5504 435 5557 est
448 5496 576 5574 pendice
595 5513 684 5572 quam
709 5502 801 5555 cortu.
824 5493 883 5574 (Cf.
898 5511 944 5555 nr.
958 5511 986 5571 p.
998 5493 1076 5554 7311.
1090 5493 1121 5572 1)
1144 5493 1256 5554 Mirum
1271 5493 1365 5570 igitur
1384 5501 1415 5553 et
1435 5494 1626 5570 Propertium
1638 5493 1882 5572 afflighemum,

391 5597 428 5656 de
448 5595 542 5656 Asisii
564 5593 641 5654 colle
661 5611 728 5653 cum
753 5599 886 5668 agerent,
908 5593 1006 5652 miuus
1027 5591 1108 5652 tritis
1129 5596 1287 5668 utrumque
1307 5591 1478 5652 nominibus
1501 5609 1585 5651 nsum
1608 5609 1683 5652 esse:
1704 5593 1782 5669 quod
1802 5600 1884 5654 certe
1963 5582 1968 5592 '

394 5695 425 5753 iu
446 5693 553 5770 primis
575 5692 691 5753 obstitit
711 5691 868 5767 quominus
889 5707 991 5750 eorum
1014 5690 1177 5750 sententiae
1198 5697 1277 5749 recte
1298 5690 1336 5748 ab
1357 5689 1495 5750 omnibus
1516 5688 1770 5768 intellegerentur.
1895 5767 1899 5778 Ι
