4210 6598
844 708 1055 782 ...33-

198 919 253 997 ita
281 948 371 999 saue
399 931 443 998 ut
471 920 585 1000 huius
603 947 640 996 v.
660 947 760 996 nunc
787 919 892 997 illius
911 948 947 996 v.
968 919 1054 996 olim
1080 921 1319 1024 respoudeat.
1349 922 1475 1016 Quam
1504 925 1693 1002 coniectu·

197 1059 279 1144 ram
315 1076 361 1142 ut
395 1065 516 1167 magis
549 1062 747 1165 magisque
786 1065 982 1139 roboraret
1021 1061 1352 1162 Fleischmannus,
1389 1065 1554 1168 longius,
1591 1094 1694 1144 more

195 1237 278 1305 suo,
305 1208 471 1311 partium
490 1206 780 1308 congruentiam
798 1206 979 1302 extendit,
1007 1206 1102 1282 adeo
1123 1217 1166 1282 ut
1184 1216 1329 1284 tractus
1357 1207 1499 1310 elegiae
1526 1209 1593 1311 qui
1614 1236 1693 1287 ver-

195 1354 303 1430 sibus
331 1354 465 1426 23-36
494 1349 713 1426 continetur
740 1357 862 1424 totum
881 1347 976 1450 quid
1004 1375 1068 1425 sex
1096 1349 1270 1449 partibus
1298 1377 1484 1428 conexum
1517 1354 1690 1448 efficeret,

192 1522 358 1598 quarum
385 1493 507 1595 prima
524 1490 672 1595 (aa-24)
698 1500 797 1566 esset
816 1473 992 1587 hudatim
1020 1491 1189 1568 secunda
1215 1491 1364 1597 (25-26)
1386 1497 1559 1594 quantia·
1580 1496 1691 1571 tertia

192 1635 343 1740 (ar-30)
369 1636 559 1730 incurata·
578 1644 715 1732 quarta
741 1631 890 1734 (al-32)
916 1631 1108 1729 denuntia·
1126 1633 1262 1734 quinta
1280 1634 1427 1738 (aa-34)
1455 1641 1585 1712 iteruin
1613 1636 1691 1712 lan·

193 1779 310 1874 datia·
347 1775 511 1876 denique
552 1784 658 1851 sexta
690 1771 840 1876 (aa-36)
875 1775 1006 1849 iterun
1042 1775 1215 1874 qaeestio:
1248 1801 1346 1876 quae
1382 1803 1472 1853 vero
1509 1779 1688 1879 temporis

192 1921 291 1996 ratio
318 1919 418 1995 inter
443 1916 540 1993 duas
567 1915 708 2018 primas
744 1926 870 2017 partes
897 1914 1119 2011 intercedat,
1148 1921 1326 1993 transacti
1358 1945 1493 2021 nempe
1521 1931 1559 1995 et
1578 1947 1691 2020 prae·

192 2063 313 2157 sentis,
342 2059 473 2136 eadem
500 2084 590 2135 saue
617 2058 717 2134 iuter
743 2055 840 2133 duas
859 2067 1067 2159 postremas
1093 2041 1353 2136 intercederet.
1382 2061 1502 2138 Nobis
1529 2090 1620 2139 vero
1648 2063 1688 2140 iu

192 2203 400 2280 artificiosa
425 2201 497 2277 hae
516 2199 682 2302 partium
700 2199 946 2300 dispositione
963 2226 1080 2300 quam
1099 2198 1222 2276 voluit
1249 2199 1567 2280 Fleisehmannus
1590 2205 1686 2282 uilril

192 2344 497 2439 immorantibus,
527 2342 619 2419 satis
647 2368 768 2420 uuum
796 2342 845 2417 sit
872 2341 1055 2420 adversus
1073 2342 1173 2419 hauc
1201 2344 1428 2420 sententiam
1456 2346 1691 2423 animadver-

194 2501 285 2584 tere,
314 2509 524 2588 numquam
551 2483 707 2562 merito
730 2495 799 2559 aut
816 2483 1002 2561 desertam
1021 2496 1089 2561 aut
1110 2485 1229 2561 deseri
1255 2495 1323 2562 aut
1351 2486 1541 2564 desertum
1559 2488 1605 2564 iri
1623 2517 1691 2590 pu·

192 2631 363 2708 dicitiam
390 2655 413 2705 a
439 2626 589 2730 puellis:
618 2601 722 2728 quod
749 2626 882 2728 utique
915 2636 1050 2703 contra
1085 2625 1325 2703 immutatam
1361 2631 1411 2706 ab
1439 2630 1688 2733 Hertzbergio

194 2773 371 2850 codicum
398 2770 600 2847 lectionem
628 2769 741 2870 plane
768 2769 891 2846 faeere
917 2781 1021 2870 puto.
1049 2768 1176 2861 Quam
1204 2796 1293 2846 vero
1322 2769 1353 2845 si
1380 2781 1568 2870 tueamur,
1596 2774 1690 2874 quid

194 2916 325 2991 obstat
352 2939 400 2990 ue
427 2940 491 2989 vv.
522 2914 638 2987 35-36
668 2921 864 3012 tamquam
892 2909 1177 2988 conclusionem
1209 2911 1441 3013 accipiamus
1468 2914 1586 2991 totius
1619 2942 1693 2992 ser·

194 3057 320 3133 monis
346 3056 476 3131 iudea
496 3081 534 3129 v.
555 3055 633 3149 25,
661 3079 738 3154 qua
763 3087 779 3119 ι
805 3051 909 3128 iure
935 3078 1067 3153 erge,
1090 3050 1229 3153 inquit,
1256 3052 1483 3130 mulieres
1510 3055 1559 3132 id
1586 3067 1692 3132 tem-

192 3199 325 3302 poris
344 3195 632 3300 pudicitiam
661 3179 928 3270 amiserunt
954 3221 991 3268 »ι
1013 3219 1101 3270 eum
1120 3220 1195 3269 non
1213 3199 1380 3272 inmerito
1394 3195 1495 3272 idem
1510 3197 1559 3272 sit
1573 3208 1689 3299 atque

191 3345 330 3437 merito,
346 3338 557 3441 ecquidem
572 3338 622 3434 vi,
639 3337 694 3414 uti
713 3337 807 3413 alias
825 3336 875 3412 ab
893 3337 975 3438 ipso
990 3347 1102 3438 poeta
1121 3348 1341 3439 usurpatam
1357 3338 1556 3416 videmus?
1573 3338 1613 3442 (¹)
1628 3340 1690 3416 Ad

191 3481 421 3586 particulam
444 3506 534 3557 vero
547 3479 611 3555 aad
621 3478 726 3580 quod
744 3478 894 3573 attinet,
910 3503 988 3554 non
1002 3487 1154 3554 tantum
1172 3479 1385 3576 aversandi,
1400 3492 1587 3581 quantum
1602 3508 1690 3558 con·

191 3611 373 3701 cludendi
401 3621 610 3698 autetiam
637 3618 864 3695 adfirmandi
892 3617 964 3696 hoc
991 3618 1076 3696 loeo
1095 3619 1172 3694 vim
1193 3618 1331 3697 habere
1359 3619 1575 3719 dicendum,
1600 3649 1688 3700 eum

191 3769 267 3844 hoc
294 3765 462 3842 alienum
489 3788 513 3839 a
539 3761 726 3863 Propertii
753 3761 841 3837 stilo
859 3788 939 3838 non
965 3787 1046 3838 esse
1072 3760 1148 3837 alia
1166 3763 1339 3863 ¹probent
1366 3763 1538 3864 exempla
1564 3761 1615 3868 (²),
1637 3765 1692 3840 id·

191 3935 269 4010 que
296 3906 515 4010 praesertim
543 3916 670 3981 tenere
696 3903 919 4004 interpretes
937 3913 1110 4006 oporteat
1128 3904 1326 4005 Propertii,
1346 3904 1386 3980 in
1414 3906 1689 4007 particularum

191 4051 356 4128 maxime
383 4075 456 4125 usu
484 4047 638 4124 minime
665 4045 933 4122 communibus
961 4073 1047 4122 eum
1082 4071 1122 4122 se
1154 4044 1305 4146 legibus
1332 4046 1556 4124 adstrictum
1585 4075 1689 4150 prae-

193 4195 294 4270 bere.
321 4189 611 4284 -Postremo,
639 4199 845 4288 antequam
872 4184 919 4262 de
946 4186 1018 4262 hac
1045 4186 1092 4263 el.
1121 4186 1320 4288 loquentes
1346 4189 1462 4264 finem
1490 4189 1687 4284 iaciamus,

191 4334 317 4436 operis
343 4331 507 4434 pretium
535 4355 626 4406 sane
667 4329 768 4404 mihi'
787 4314 949 4422 videtur,
983 4355 1071 4405 cum
1111 4326 1159 4404 de
1199 4327 1364 4406 editione
1399 4313 1592 4431 Propertii
1623 4359 1690 4432 per

191 4470 342 4554 scholas
357 4471 622 4574 vulgatissima
639 4481 788 4571 agatur,
804 4495 1029 4547 memorasse
1042 4469 1089 4544 L.
1105 4468 1309 4546 Mulierum
1323 4481 1507 4571 quattuor
1524 4471 1586 4548 hic
1601 4500 1689 4550 eon·

191 4619 323 4696 iecisse
349 4616 520 4710 lacunas,
558 4613 703 4690 scilicet
730 4620 816 4714 post
853 4638 916 4686 vv.
946 4612 1009 4706 26,
1031 4614 1094 4704 34,
1116 4594 1264 4706 36,'40:
1293 4639 1391 4712 quae
1417 4571 1572 4713 quidem
1599 4613 1686 4716 (hoc

191 4787 285 4865 paee
304 4759 428 4835 dicam
448 4755 520 4832 viri
538 4754 760 4856 doctissimi)
779 4752 888 4849 nulli,
910 4779 993 4828 mea
1020 4751 1220 4848 sententia,
1241 4754 1397 4830 concedi
1416 4765 1591 4856 possunt,
1611 4754 1685 4832 nisi

190 4901 455 5006 propertiauae
487 4897 663 4975 lectionis
702 4894 873 4993 insueto,
911 4906 980 4972 aut
1013 4894 1271 4996 praeiudicata
1311 4921 1466 4998 prorsus
1507 4897 1685 5000 opinione

193 5053 392 5146 occupato.

246 5576 294 5657 (1)
315 5577 360 5636 cr.
381 5575 472 5651 prop.
494 5575 517 5635 u
541 5574 588 5647 ιι,
612 5573 638 5634 ι.
661 5573 699 5634 u.
723 5571 769 5644 12,
789 5573 819 5633 a
839 5603 879 5618 -
900 5573 955 5632 ov.
978 5573 1048 5634 nm.
1070 5574 1123 5634 111.
1147 5573 1194 5647 ιι,
1215 5574 1244 5634 o.
1267 5573 1379 5634 rreum
1403 5573 1456 5635 rx.
1477 5573 1547 5634 ess.

245 5690 293 5773 (a)
314 5693 358 5753 os.
380 5692 419 5752 11.
442 5688 493 5760 12,
513 5691 559 5750 ιι.
1509 5710 1513 5718 ,
