4210 6598
829 705 1039 777 -41-

191 916 357 1018 quidem,
386 917 418 993 si
445 916 585 995 nemini
612 917 730 1019 prius,
758 918 869 995 nobis
886 919 989 996 baud
1008 945 1118 1022 aegre
1144 945 1339 996 cessurum
1367 916 1516 995 confido
1540 915 1587 992 de
1613 915 1671 1011 iis,

191 1061 356 1161 quaein
384 1061 561 1137 manibus
588 1071 690 1157 sunt,
717 1059 785 1137 lib.
813 1061 865 1136 ΙΙ.
894 1061 941 1138 el.
969 1063 1183 1161 agentibus.

246 1202 379 1304 Igitur,
408 1203 616 1306 composita
642 1229 735 1305 pace
752 1214 839 1304 post
856 1203 1019 1316 primum
1047 1204 1259 1298 discidium,
1278 1203 1383 1306 quod
1409 1203 1450 1279 in
1471 1200 1674 1280 intervallo

191 1346 292 1422 inter
305 1345 467 1448 primum
481 1346 766 1446 secundumque
779 1345 846 1422 lib.
857 1347 947 1448 poni
962 1347 1084 1441 debet,
1096 1373 1174 1423 non
1188 1346 1352 1424 multum
1365 1345 1405 1422 in
1415 1345 1491 1422 fide
1504 1370 1676 1448 perman·

193 1487 244 1564 sit
269 1486 451 1591 Cynthia,
479 1487 574 1563 nibil
594 1498 720 1564 tamen
747 1489 797 1564 ab
815 1487 923 1564 initio
941 1487 1095 1564 credulo
1122 1499 1289 1565 amatore
1307 1487 1502 1566 sentiente.
1521 1487 1579 1563 De
1596 1511 1675 1587 quo

194 1630 348 1708 tandem
374 1657 524 1708 rumore
550 1629 679 1732 aliquo
706 1630 756 1707 ad
781 1657 891 1708 aures
918 1631 1024 1709 illius
1049 1631 1190 1728 adlato,
1211 1631 1337 1708 subito
1363 1629 1506 1708 nuncio
1532 1655 1676 1732 permo-

193 1784 256 1850 tus
282 1774 359 1850 irae
385 1785 500 1876 atque
526 1772 780 1876 indignationi
808 1773 982 1876 indulget
999 1784 1122 1876 poeta:
1150 1775 1411 1876 optimumque
1429 1784 1534 1850 ratus
1562 1771 1594 1850 si
1618 1770 1673 1848 nil

193 1915 266 1993 sibi
293 1915 435 2018 negotii
461 1915 536 1992 iam
564 1916 698 1994 exinde
724 1942 813 1992 cum
839 1916 1026 2018 pervicaci
1045 1916 1174 2018 puella
1191 1927 1289 1994 esset
1314 1915 1497 2011 futurum,
1524 1914 1674 2016 alioque

141 2116 150 2134 .
193 2059 320 2161 potius
346 2059 498 2135 ardores
524 2085 614 2134 suos
642 2059 824 2154 traiceret,
844 2059 883 2134 id
908 2085 946 2135 se
970 2059 1145 2136 hortatur
1170 2058 1274 2135 illico
1300 2059 1477 2161 perficere
1503 2057 1595 2134 dum
1618 2057 1674 2132 ira

193 2201 242 2277 sit
268 2227 410 2295 recens,
430 2227 489 2296 ne,
510 2227 598 2277 cum
616 2199 725 2277 facile
743 2200 829 2276 irati
847 2213 1017 2278 amantes
1035 2201 1151 2278 verbo
1178 2210 1386 2297 mutentur,
1406 2198 1533 2278 dolore
1558 2199 1674 2276 unius

194 2351 318 2420 noctis
345 2343 467 2445 spatio
494 2343 661 2439 remisso,
681 2368 787 2420 amor
812 2343 961 2420 rediret.
980 2342 1107 2420 Aliam
1135 2370 1174 2420 se
1200 2343 1448 2420 inventurum
1470 2369 1568 2444 quae
1593 2343 1674 2419 fieri

192 2497 286 2562 nota
311 2484 405 2562 velit
431 2485 509 2561 suis
536 2484 780 2581 carminibus,
808 2511 931 2587 neque
962 2485 1034 2561 sibi
1061 2497 1140 2562 tam
1172 2485 1277 2562 duris
1301 2485 1471 2561 moribus
1497 2483 1672 2561 insultet:

193 2653 334 2730 paenas
361 2638 487 2704 autem
507 2626 554 2704 de
571 2627 715 2729 perfida
735 2627 827 2703 satis
844 2639 1085 2728 sumpturum
1103 2627 1290 2729 promittit
1316 2653 1395 2704 uno
1412 2653 1525 2704 versu
1543 2627 1611 2727 qui
1628 2626 1675 2702 de
1700 2646 1717 2693 ο

193 2767 349 2846 levitate
374 2769 456 2846 eius
473 2770 514 2846 in
531 2781 756 2872 perpetuum
773 2769 886 2846 fidem
913 2768 1040 2868 faciat,
1060 2770 1180 2871 eique,
1200 2795 1431 2872 quamquam
1453 2780 1674 2846 contemnat

192 2939 387 2989 murmura
413 2912 547 3007 famae,
575 2910 711 3013 pallori
736 2923 838 2989 certe
865 2913 914 2988 sit
940 2912 1104 2989 futurus.
1132 2911 1330 2990 Hactenus
1356 2911 1404 2990 el.
1434 2915 1471 2987 5.

246 3055 388 3132 Verum
416 3054 516 3133 enim
544 3082 633 3132 vero
659 3081 737 3132 non
765 3055 889 3132 valuit
913 3067 1025 3158 poeta
1057 3053 1199 3134 iniusto
1226 3082 1266 3132 se
1292 3054 1420 3131 statim
1453 3052 1674 3132 subtrahere
1707 3156 1710 3162 ¹

191 3199 296 3300 iugo,
322 3209 510 3299 nocteque
536 3225 580 3274 co
607 3209 710 3274 statu
737 3210 901 3300 peracta,
928 3197 1053 3275 acrius
1087 3209 1237 3300 postero
1265 3198 1325 3276 die
1352 3197 1501 3294 exarsit,
1529 3211 1567 3274 ct
1598 3224 1675 3298 quo

192 3351 274 3419 erat
298 3341 423 3418 furore
450 3352 656 3443 correptus,
692 3339 878 3418 violenter
902 3339 944 3417 in
971 3339 1179 3445 Cynthium
1211 3341 1387 3418 invectus
1413 3351 1481 3434 est,
1508 3340 1677 3442 turpissi-

191 3509 276 3560 mae
302 3483 439 3584 cuique
467 3494 635 3560 veterum
662 3482 888 3560 feminarum
914 3510 996 3560 eam
1023 3509 1203 3584 aequans,
1230 3483 1338 3560 initio
1365 3482 1412 3560 el.
1444 3487 1479 3560 6.
1507 3528 1560 3539 -
1587 3483 1677 3560 Mox

192 3654 283 3705 vero
309 3637 510 3728 exsuperat
535 3625 671 3702 amoris
698 3625 833 3727 ingens
860 3626 1029 3723 affectus,
1057 3653 1170 3728 quem
1188 3625 1353 3728 quidem,
1381 3623 1523 3703 relictis
1550 3625 1677 3703 convi-

193 3769 262 3848 ciis
287 3769 508 3871 mitioreque
535 3796 628 3845 usus
655 3795 837 3866 sermone,
864 3782 1020 3846 excusat
1046 3781 1157 3872 poeta
1182 3768 1285 3871 quod
1311 3770 1344 3845 is
1370 3769 1464 3846 adeo
1499 3769 1678 3871 suspicio-

192 3939 258 3992 sus
284 3913 334 3989 sit
360 3925 405 3988 ut
431 3911 490 3988 vel
519 3910 818 3988 adulescentium
852 3912 976 4014 pictae
1009 3910 1123 3988 facies
1157 3913 1385 4012 nominaque
1412 3923 1451 3990 et
1482 3900 1608 3989 infans
1635 3913 1676 3990 in

194 4055 303 4132 cunis
331 4081 424 4156 puer
450 4080 537 4130 eum
555 4052 720 4148 laedant,
739 4052 829 4130 item
856 4052 1011 4130 laedant
1032 4054 1064 4130 si
1081 4052 1204 4130 multa
1229 4053 1287 4130 illi
1313 4065 1433 4130 mater
1458 4054 1591 4131 oscula
1617 4053 1677 4130 de·

193 4197 290 4274 derit
307 4207 376 4273 aut
394 4222 497 4272 soror
515 4206 583 4271 aut
600 4194 722 4272 amica
739 4221 904 4296 quacum
931 4194 1044 4272 simul
1063 4195 1265 4292 dormierit,
1292 4207 1407 4298 atque
1424 4197 1537 4273 etiam
1561 4222 1609 4272 ne
1635 4195 1676 4271 in

194 4340 326 4417 tunica
352 4339 411 4415 vir
438 4338 487 4414 sit
513 4338 771 4434 absconditus,
800 4336 911 4414 miser
937 4339 1160 4440 suspicetur.
1177 4337 1320 4416 Amore
1337 4339 1437 4416 enim
1455 4338 1517 4415 vel
1537 4364 1678 4440 magna

194 4481 335 4584 praelia
352 4480 564 4582 antiquitus
590 4480 686 4556 inita
704 4507 794 4574 csse,
812 4481 1012 4583 ipsumque
1030 4479 1237 4558 Romulum
1255 4481 1520 4583 rapiendarum
1533 4480 1677 4584 puella·

193 4651 278 4701 rum
297 4635 489 4700 auctorem
507 4623 623 4700 fuisse
640 4623 832 4700 Romanis.
847 4623 1002 4718 Verum,
1018 4635 1148 4724 terque
1161 4633 1369 4724 quaterque
1383 4622 1510 4700 felices
1524 4623 1676 4701 Admeti

193 4779 232 4844 et
257 4765 384 4845 Ulixis
410 4792 557 4860 uxores,
584 4776 623 4841 et
648 4793 909 4868 quaecumque
936 4766 1008 4842 viri
1029 4765 1171 4843 lectum
1199 4777 1348 4842 castum
1375 4769 1543 4844 servent!
1568 4765 1677 4859 Quae

193 4911 225 4986 si
250 4909 407 4985 rariores
435 4919 529 4984 tuuc
554 4909 733 5010 temporis
758 4910 881 4985 sactae
916 4909 1004 5004 sint,
1032 4918 1220 4984 recentem
1255 4909 1457 5010 praecipue
1489 4911 1676 5012 parietum

190 5049 365 5129 obscenis
397 5050 539 5126 tabulis
575 5051 877 5127 exornandorum
911 5078 1051 5127 morem
1087 5077 1167 5127 esse
1203 5050 1449 5153 culpandum.
1485 5050 1673 5152 Ceterum,

188 5219 288 5296 quae
314 5204 441 5271 castae
466 5219 617 5270 manere
643 5192 775 5289 velint,
796 5204 878 5269 tum
904 5219 1057 5295 quoque
1080 5193 1172 5270 satis
1197 5220 1265 5295 per
1281 5219 1322 5270 se
1348 5205 1464 5290 tutas,
1483 5189 1591 5274 nullo
1610 5224 1675 5274 ou·

189 5336 307 5433 stode,
336 5362 416 5413 esse
443 5361 562 5437 posse:
592 5335 638 5411 de
665 5361 716 5432 se,
745 5362 869 5436 neque
895 5363 1050 5413 uxorem
1078 5363 1260 5437 umquam
1287 5363 1411 5438 neque
1437 5336 1556 5415 ullam
1584 5341 1674 5416 ami·

192 5505 277 5556 cam
303 5504 327 5556 a
353 5477 544 5583 Cynthiae
571 5504 696 5554 amore
724 5503 804 5554 esse
830 5477 1071 5555 deducturas.
1099 5523 1153 5537 -

245 5623 359 5700 Nunc
386 5648 488 5717 vero,
517 5621 548 5697 si
575 5620 668 5698 baec
695 5620 772 5697 duo
799 5647 885 5698 cum
913 5621 1201 5723 insequentibus
1234 5622 1466 5700 carminibus
1494 5626 1530 5699 8.
1557 5634 1596 5700 et
1624 5629 1673 5717 9.,

1384 5996 1407 6036 U
