4210 6598
1053 744 1104 756 ..
1132 701 1262 774 ⁴28,-

418 961 470 977 --
497 913 594 990 Alii
625 911 1006 1014 Triptolemum,
1040 911 1131 988 alii
1162 911 1332 989 Osirin
1365 869 1552 1004 volunt,
1585 907 1707 1011 quod
1740 908 1894 1009 magis

416 1084 574 1136 verum
610 1066 698 1152 est,
734 1064 783 1131 ut
819 1053 940 1130 dixit
975 1054 1253 1155 Propertius
1289 1052 1358 1129 vel
1394 1050 1638 1128 Tibullus.
1667 1095 1719 1110 -
1747 1049 1897 1143 Quibus

412 1200 610 1302 postremis
637 1198 757 1274 Servii
789 1198 914 1274 verbis
940 1196 1054 1299 plane
1088 1197 1276 1274 evincitur
1308 1195 1519 1272 memoriter
1546 1221 1632 1272 eum
1659 1193 1896 1270 eduliorum

414 1343 639 1444 scriptorum
675 1341 787 1416 fidem
816 1366 856 1418 se
882 1366 1089 1434 revocasse,
1118 1339 1172 1414 ita
1203 1345 1246 1416 ut
1273 1339 1473 1432 neminem,
1505 1347 1652 1439 praeter
1685 1336 1897 1413 Lachman-

414 1513 519 1581 num,
549 1485 811 1562 dubitaturum
844 1495 939 1584 puto
965 1481 1060 1584 quin
1087 1482 1212 1583 priora
1247 1480 1315 1557 illa
1350 1481 1467 1557 verba
1494 1482 1543 1556 ad
1570 1479 1673 1556 hunc
1710 1479 1895 1580 Propertii

415 1654 567 1704 versum
593 1626 787 1704 referenda
815 1626 892 1701 sint
918 1625 985 1728 (11.
1016 1628 1052 1722 9,
1081 1624 1178 1726 41.):

791 1846 809 1880 ι
833 1819 946 1886 Sidera
966 1824 1042 1886 sunt
1064 1823 1154 1886 tester
1176 1820 1208 1886 et
1230 1817 1384 1887 matutina
1406 1819 1528 1902 pruina:
1554 1843 1572 1880 s

410 2002 618 2104 vposteriora
646 2011 774 2077 autem
800 2000 847 2076 de
873 1998 1029 2076 Tibullo
1057 1997 1218 2076 dicenda
1244 2024 1324 2076 esse
1352 1997 1443 2074 satis
1470 2009 1598 2074 monet
1624 1997 1738 2074 huius
1766 2023 1896 2072 versus

417 2144 463 2247 (Ι.
496 2149 530 2240 7,
560 2143 657 2248 29.);

749 2389 751 2396 ,
792 2344 811 2380 α
833 2318 966 2386 Primus
988 2325 1100 2386 aratra
1120 2339 1215 2386 manu
1236 2318 1353 2386 sollerti
1376 2318 1448 2386 feeit
1473 2317 1586 2384 Osiris.
1610 2343 1628 2380 ›

470 2503 641 2578 Tertium
675 2529 720 2577 ex
759 2499 888 2580 Ouidio
922 2498 1178 2576 testimonium
1202 2509 1270 2591 ,est
1303 2499 1473 2576 ductum.
1502 2499 1541 2574 Is
1573 2499 1686 2594 enim,
1715 2498 1755 2573 in
1783 2496 1898 2573 Trist.

416 2637 469 2720 ΙΙ.
499 2647 574 2719 363
604 2671 720 2746 seqq,
748 2669 836 2720 eum
864 2670 903 2720 se
929 2643 1120 2745 purgandi
1142 2643 1265 2744 gratia
1291 2641 1394 2744 apud
1421 2667 1485 2718 eos
1502 2669 1526 2716 a
1543 2641 1695 2742 quibus,
1715 2639 1818 2742 quod
1845 2640 1900 2715 ni·

416 2787 534 2861 mium
566 2785 717 2887 procaci
747 2785 879 2861 Musae
911 2782 1142 2880 indulsisset,
1170 2784 1419 2878 incusaretur,
1452 2809 1582 2859 omnes
1613 2781 1900 2884 qualiscumque

417 2922 564 3027 generis
591 2927 791 3028 scriptores
809 2925 977 3002 Graecos
1004 2926 1094 3002 item
1116 2926 1384 3026 Romanosque
1409 2929 1612 3021 recenseat,
1631 2934 1676 2999 ut
1696 2922 1793 3000 illud
1820 2923 1901 3024 qui·

418 3071 502 3145 dem
530 3069 763 3147 demonstret
792 3096 838 3146 cx
869 3069 1047 3145 omuibus
1074 3067 1259 3144 malorum
1291 3066 1487 3144 illecebras
1519 3066 1668 3158 haurire
1693 3092 1805 3168 posse
1834 3065 1903 3167 qui

420 3212 557 3308 velint3
586 3213 798 3315 praecipuis
831 3211 1089 3290 Romanorum
1123 3209 1369 3312 scriptoribus
1395 3210 1526 3287 ordine
1559 3208 1776 3304 nominatis,
1798 3220 1904 3310 post·

419 3381 533 3456 quam
561 3355 767 3456 plurimum
795 3364 853 3430 est
878 3354 1099 3430 immoratus
1116 3353 1156 3429 in
1176 3353 1441 3430 enumerandis
1467 3353 1623 3454 quaein
1640 3349 1798 3430 Tibullo
1815 3351 1904 3454 sur—

420 3501 487 3572 tiui
510 3499 645 3574 amorre
664 3511 861 3600 praerepta
889 3496 1146 3592 inveniantur,
1174 3509 1362 3599 postremo
1389 3497 1442 3574 ita
1469 3495 1663 3573 concludit
1688 3495 1865 3599 (465·6.):

672 3739 676 3748 .
713 3717 732 3754 ‹
755 3693 894 3760 Invenies
916 3692 1021 3758 eodem
1042 3691 1147 3758 blandi
1163 3697 1331 3775 praecepto
1353 3691 1500 3776 Properti,

757 3799 929 3867 Destrietus
951 3799 1079 3865 minima
1101 3818 1157 3866 nee
1178 3801 1281 3866 tamen
1303 3799 1357 3866 ille
1379 3802 1452 3866 uota
1475 3799 1532 3866 est.
1556 3823 1575 3860 s

413 3975 517 4054 Cum
545 3990 671 4054 autem
700 3979 749 4084 in
768 3978 963 4079 Propertio
991 3943 1121 4055 eadem
1148 4005 1194 4054 ac
1221 3977 1442 4055 Tibulliana
1468 4004 1566 4079 quae
1593 3988 1789 4054 enumerat
1815 3977 1905 4055 Ovi-

420 4121 506 4196 dius
532 4134 732 4223 praecepta
750 4147 827 4198 non
849 4122 1093 4223 reperiantur,
1116 4121 1202 4198 idco
1228 4119 1382 4222 collegit
1408 4121 1680 4197 Lachmannus
1707 4120 1905 4222 complura

420 4263 524 4342 illius
551 4264 704 4364 periisse
731 4265 910 4359 carmina,
938 4264 978 4341 in
1005 4265 1147 4366 quibus
1173 4264 1266 4340 talia
1289 4265 1456 4341 inessent
1481 4275 1681 4366 praecepta
1708 4263 1903 4340 amatoria.

423 4447 476 4461 ·-
510 4402 631 4496 Quid
673 4405 846 4506 igitur?
885 4405 1048 4483 Nonne
1088 4407 1242 4483 omnia
1281 4407 1519 4506 Propertii
1560 4405 1819 4495 volumina,
1855 4406 1903 4482 in

420 4574 538 4648 quae
570 4547 629 4624 iis
663 4548 797 4624 abuti
829 4547 948 4625 velit
978 4549 1135 4626 mulier
1165 4561 1319 4651 nupta,
1354 4548 1471 4626 talia
1506 4549 1751 4626 continere
1784 4575 1906 4651 prae-

422 4701 557 4791 cepta
591 4690 825 4767 dicamus?
854 4736 904 4748 -
931 4690 994 4768 Sic
1021 4692 1211 4769 obiecerat
1243 4693 1318 4768 iam
1352 4690 1635 4793 Hertzbergius,
1664 4690 1704 4795 (¹)
1731 4691 1792 4768 cui
1823 4690 1906 4794 plu·

421 4832 504 4906 rimi
539 4846 672 4934 postea
705 4843 797 4909 sunt
826 4833 987 4910 assensi:
1014 4861 1066 4928 ex
1097 4835 1144 4910 iis
1177 4833 1505 4928 Fleischmanuus,
1537 4835 1604 4936 qui
1635 4861 1724 4910 vero
1761 4861 1904 4911 novum

421 4973 515 5075 quid
542 4973 648 5050 velut
680 4974 910 5076 prolaturus,
938 5002 1017 5052 non
1044 4977 1173 5052 eadem
1208 4976 1362 5052 omnino
1389 5003 1469 5052 esse
1495 4975 1642 5052 Tibulli
1675 4976 1906 5078 atquer

423 5116 533 5218 pertii
561 5117 729 5193 carmina
746 5116 927 5195 Ovidium
955 5118 1187 5219 significasse
1208 5119 1416 5215 contendit,
1435 5130 1588 5220 propter
1614 5121 1731 5196 verba
1749 5109 1907 5195 inuenies

329 5258 332 5263 ’
423 5269 461 5334 et
488 5258 631 5334 blaudi:
659 5287 821 5360 quorum
853 5258 962 5354 illud,
993 5261 1025 5336 si
1057 5288 1167 5338 aures
1198 5262 1279 5339 viro
1311 5261 1423 5338 docto
1453 5263 1712 5363 praebeamus,
1744 5261 1908 5339 rariora

478 5701 526 5783 (1)
546 5705 667 5766 Hertzb.
688 5703 709 5764 l.
731 5723 756 5764 o.
778 5723 806 5782 p.
826 5707 895 5766 212.
