4210 6598
1014 599 1227 672 ..54-

371 809 489 910 igitur
507 808 582 884 elia
600 809 786 911 Propertii
806 808 989 912 exempla,
1005 811 1146 911 quibus
1166 811 1248 887 niso
1267 810 1434 912 Voigtio,
1449 811 1685 887 adsentiente
1699 765 1866 887 Fleiscb·

371 979 526 1051 manne,
555 952 609 1028 ita
638 951 947 1029 concludendum
975 964 1032 1029 est
1061 955 1204 1030 visum:
1237 989 1252 1020 ι
1278 955 1347 1035 Ex
1377 954 1579 1030 aliorum
1613 964 1867 1030 consuetu·

382 1132 399 1164 ι
426 1096 534 1173 dine
571 1109 639 1172 tres
671 1095 785 1172 libelli
816 1109 1020 1197 possunt
1056 1125 1156 1174 esse
1194 1098 1285 1174 tria
1317 1099 1545 1193 carmina,
1581 1124 1634 1175 ex
1670 1098 1868 1199 Proper·

270 1293 276 1298 -
384 1279 400 1309 ι
427 1242 560 1317 tiana
592 1241 933 1318 consuetudine
965 1267 1056 1318 non
1089 1241 1235 1318 facile
1265 1255 1466 1344 possunt
1498 1267 1598 1320 esse
1630 1241 1772 1318 aliud:
1803 1276 1819 1307 ι

536 1439 566 1504 1.
593 1461 611 1498 ‹
635 1438 777 1524 rgnoscu
798 1437 906 1523 igino,
929 1438 955 1504 u
978 1438 1051 1522 qua
1074 1438 1131 1506 uu
1154 1439 1242 1506 inu
1266 1439 1407 1506 usserii·

644 1545 817 1612 struto-int
838 1545 935 1612 nostri
958 1594 967 1612 .
992 1593 1001 1614 .
1026 1597 1033 1612 .
1058 1547 1130 1632 »m
1582 1549 1623 1634 (1.
1649 1550 1701 1628 11,
1727 1549 1795 1633 19.)

535 1657 566 1721 2.
592 1678 611 1715 ι
635 1655 806 1722 Fortunata
829 1673 897 1723 mco
920 1654 948 1721 si
969 1674 1030 1741 qua
1053 1657 1100 1722 est
1122 1655 1276 1722 celebrata
1299 1655 1455 1724 libello.
1480 1681 1498 1718 »
1524 1658 1562 1742 (²)

1672 1765 1703 1828 2.
1773 1812 1781 1830 .

537 1823 568 1936 ‘ab
595 1893 614 1931 ι
638 1870 705 1936 Ista
728 1868 804 1934 meis
827 1868 881 1934 liet
903 1868 1064 1936 notissima
1087 1869 1184 1936 forma
1209 1869 1382 1937 libellis.
1406 1894 1425 1931 ι
1450 1871 1488 1956 (³)
1573 1763 1647 1848 (ffl-
1729 1763 1797 1848 15)

536 2085 566 2151 4.
593 2108 612 2145 ‹
636 2084 662 2163 1,
685 2102 808 2167 quaeso,
832 2085 864 2150 et
886 2083 990 2151 tristes
1012 2085 1088 2151 istos
1110 2103 1256 2170 compone
1279 2085 1402 2152 libell
1409 2107 1459 2160 os.
1553 1979 1607 2063 (H.
1632 1979 1686 2058 25,
1710 1977 1753 2062 3.)

647 2192 688 2256 st
711 2209 785 2258 cane
807 2191 888 2275 quod
911 2193 1038 2278 quaevis
1061 2210 1149 2259 nosse
1171 2193 1274 2279 puella
1298 2193 1381 2260 velit.
1406 2218 1424 2255 »
1450 2195 1486 2279 (⁴)

1545 2302 1584 2384 (Ι.
1609 2302 1641 2382 9,
1668 2303 1752 2386 rai:

375 2459 526 2554 Quibus
549 2459 708 2562 opponit
726 2460 909 2562 exempla,
930 2459 996 2536 ubi
1017 2460 1108 2536 libro
1127 2487 1193 2538 seu
1226 2461 1452 2537 uolumine
1470 2459 1510 2566 (³)
1526 2489 1617 2539 usus
1644 2473 1702 2538 est
1732 2461 1869 2538 Poeta:

537 2621 567 2687 5.
594 2645 611 2682 ι
635 2621 684 2686 Tu
706 2620 838 2706 loqueris
860 2640 931 2687 cum
955 2621 997 2687 sis
1019 2621 1091 2688 noio
1113 2622 1177 2688 iam
1200 2621 1306 2688 fabula
1330 2623 1420 2703 libro,

626 2728 667 2794 ut
689 2729 745 2795 tua
767 2729 809 2796 sit
831 2731 897 2796 loto
921 2727 1055 2815 Cynthia
1077 2729 1158 2796 lecta
1181 2729 1255 2797 loro.
1279 2754 1298 2791 ι

1551 2839 1605 2923 (ΙΙ.
1630 2840 1684 2919 24,
1709 2839 1753 2926 1.)

376 3141 547 3217 tescumque
568 3139 662 3202 libros
684 3141 877 3212 intellexerit,
891 3146 978 3218 atque
993 3141 1081 3203 modo
1104 3143 1133 3202 id
1149 3150 1265 3220 poetam
1288 3143 1419 3202 voluisse
1434 3149 1466 3203 ut
1487 3143 1670 3220 exemplaria
1692 3143 1809 3202 Graeca
1832 3142 1871 3201 ad

377 3239 566 3300 scribendum
589 3240 620 3298 in
642 3239 756 3316 Elysiis
781 3257 895 3316 quoque
919 3241 1034 3316 campis
1056 3247 1172 3316 praesto
1194 3241 1324 3311 baberet,
1348 3241 1435 3300 modo
1457 3259 1529 3300 vcro
1555 3246 1587 3300 ut
1608 3258 1677 3316 opes
1700 3239 1869 3299 Inlerorum

377 3338 499 3414 reginae
520 3355 564 3409 eo,
586 3338 726 3414 quamvis
749 3355 852 3414 parvo,
874 3338 951 3396 dono
970 3345 1152 3412 augesceret.
1175 3339 1263 3398 Mitto
1284 3339 1421 3415 exempla
1443 3357 1517 3415 quae
1538 3339 1574 3398 ad
1601 3339 1708 3397 miram
1732 3339 1808 3398 banc
1830 3338 1874 3396 in-

377 3437 621 3514 terpretationom
644 3435 880 3495 confirmandam
903 3438 1027 3506 abunde,
1053 3455 1136 3496 more
1157 3456 1220 3507 suo,
1241 3438 1341 3497 attulit
1363 3437 1399 3497 V.
1423 3439 1474 3509 D.;
1495 3439 1605 3496 etenim
1627 3454 1730 3496 eorum
1754 3436 1871 3496 nullum

377 3535 514 3612 estquod
536 3533 692 3594 commode
712 3534 759 3593 illi
781 3535 948 3594 conveniat.
965 3535 1160 3611 Praecipuum
1185 3536 1271 3594 mitto
1288 3537 1379 3595 totius
1400 3537 1544 3596 carminis
1564 3535 1753 3606 senteutiam,
1769 3551 1871 3611 quam,

377 3635 407 3692 ni
428 3640 545 3692 nosmet
567 3632 624 3709 ipsi
639 3631 706 3692 falsi
729 3649 842 3706 sumus,
856 3633 1062 3693 Rotbstainius
1078 3651 1260 3710 nequaquam
1283 3652 1337 3692 acu
1353 3635 1487 3710 tetigisse
1503 3635 1635 3694 videtur:
1657 3641 1745 3710 atque
1768 3635 1808 3692 ita
1825 3633 1874 3692 de·

378 3749 461 3792 mum
483 3731 716 3790 concludendum
738 3749 853 3802 censeo,
868 3749 925 3790 non
946 3749 1031 3791 secus
1052 3751 1086 3790 ac
1108 3731 1238 3808 reliquas
1253 3749 1356 3791 omnes
1377 3751 1451 3808 quae
1472 3733 1580 3792 adhoc
1602 3738 1719 3809 tempus
1741 3731 1873 3790 vexatis·

377 3830 447 3892 simi
469 3831 591 3890 huiusce
612 3830 668 3890 loci
686 3829 717 3888 in
738 3829 834 3890 lucem
857 3837 1067 3906 provenerunt,
1090 3829 1209 3889 valdea
1226 3848 1296 3890 vero
1317 3839 1462 3890 remotam
1486 3831 1668 3907 minimeque
1683 3829 1870 3906 probandam

377 3929 574 3991 Rostbsteinii
597 3945 661 3988 esse
681 3929 967 4006 interpretationem.

433 4025 478 4106 (1)
501 4027 552 4086 Sic
572 4028 668 4099 ocelli,
692 4043 746 4104 pro
778 4027 882 4097 oculis,
907 4043 1025 4103 semper
1047 4026 1109 4086 fere
1139 4028 1216 4104 apud
1238 4029 1337 4102 Prop,
1362 4043 1420 4086 non
1442 4027 1538 4086 solum
1562 4027 1597 4084 de
1618 4025 1758 4103 Cynthia,
1789 4043 1875 4084 more

378 4125 605 4196 blandientium,
626 4143 694 4185 cum
715 4132 795 4202 agat,
817 4142 923 4184 verum
945 4125 1035 4184 etiarn
1059 4126 1195 4202 proprios
1223 4131 1253 4184 et
1279 4123 1438 4185 cuiuslibet
1459 4125 1559 4184 oculos
1582 4123 1758 4200 intellegens
1781 4124 1820 4200 (Ι.
1843 4122 1874 4194 3,

380 4224 433 4298 19;
454 4223 486 4296 9,
506 4223 560 4298 27;
583 4223 629 4296 10,
651 4225 671 4282 7
691 4222 761 4302 etc.)

433 4323 516 4384 Idem
541 4324 623 4382 colla
651 4323 768 4399 saepius
790 4329 913 4399 usurpat
936 4339 1024 4398 quum
1049 4322 1173 4382 collum.
1201 4321 1330 4380 Umbros
1357 4327 1509 4397 praeterea
1532 4319 1875 4399 (Il.8,19)etroyor

379 4420 437 4500 (lb,
458 4417 512 4499 20)
536 4426 624 4481 vocat
644 4421 764 4480 unicum
787 4437 893 4495 rogum
916 4426 945 4479 et
966 4420 1103 4479 umbram
1125 4419 1235 4478 suimet
1257 4419 1359 4496 ipsius.
1381 4417 1425 4478 Ci.
1447 4435 1492 4478 nr.
1515 4437 1582 4496 pag.
1604 4419 1653 4480 55.
1675 4419 1715 4478 ll.
1730 4419 1759 4478 b.

433 4518 481 4600 (2)
503 4520 598 4591 Quem
620 4537 687 4580 cum
710 4526 851 4597 sequatur
872 4524 1069 4596 pentameter:

699 4639 714 4675 ‹
738 4619 886 4678 Carmina
908 4623 995 4676 erunt
1015 4615 1130 4675 formae
1151 4621 1194 4674 tot
1215 4622 1405 4674 monumenta
1427 4622 1504 4686 tuac,
1525 4636 1540 4672 s

379 4718 449 4777 inde
470 4717 557 4795 plane
577 4717 728 4776 evincitur
748 4715 890 4776 carmina
912 4715 1022 4784 libello,
1041 4715 1126 4785 idest,
1149 4714 1227 4771 libro
1248 4712 1403 4772 contineri.
1425 4712 1469 4772 cf.
1491 4731 1536 4773 nr.
1551 4731 1578 4790 p.
1600 4713 1649 4773 57.
1672 4714 1695 4772 l.
1713 4729 1769 4772 ue.
1787 4713 1888 4772 Etiam

381 4815 468 4877 relat.
489 4816 618 4894 exempl.
640 4833 755 4876 numm.
776 4814 805 4885 3,
826 4813 855 4874 7.

434 4913 482 4994 (3)
504 4915 550 4975 Cf.
571 4932 653 4976 num.
674 4915 703 4974 7.

433 5008 481 5091 (4)
502 5013 660 5072 Ponticum
691 5013 822 5072 amicum
845 5015 962 5087 poetam
994 5008 1121 5084 epicum,
1149 5005 1175 5065 si
1207 5006 1314 5083 puellis
1336 5005 1453 5084 placere
1476 5007 1559 5078 velit,
1585 5008 1723 5068 hortatur
1750 5013 1783 5068 ut
1809 5025 1877 5085 poe-

381 5118 466 5170 mulo
485 5105 636 5193 (libellos)
657 5111 759 5170 tristes
787 5125 900 5185 pugnas
924 5107 1058 5165 canentia
1087 5121 1240 5183 seponens
1263 5103 1344 5164 leves
1373 5105 1473 5180 elegos
1499 5106 1632 5164 scribere
1661 5105 1808 5166 instituat.
1830 5106 1876 5165 Cf.

380 5207 612 5286 mpffiffi

433 5305 481 5387 (5)
505 5305 674 5366 Voluminis
701 5313 731 5366 et
759 5305 858 5364 libelli
876 5300 1046 5364 nominibus
1074 5300 1241 5377 promiscue
1263 5301 1357 5360 utitur
1377 5301 1513 5372 Ovidius,
1543 5301 1825 5380 Metamorphoseon
1844 5309 1875 5362 et

381 5405 541 5466 Fastorum
564 5404 737 5483 significans
761 5405 855 5464 libros
875 5401 926 5483 (¹).
947 5401 990 5462 Cf.
1013 5419 1060 5460 nr.
1082 5399 1179 5477 pse.
1200 5400 1254 5460 111.
1278 5406 1355 5476 etp.
1377 5400 1425 5460 58.
1448 5400 1474 5471 b,
1496 5398 1525 5469 d,
1546 5401 1574 5460 ΙΙ.

436 5559 466 5614 (Ι)
481 5557 519 5600 Cl:
534 5574 546 5596 ‹
560 5559 678 5602 Postremo
692 5555 779 5612 placuit
791 5553 894 5610 exemplo
903 5552 1026 5596 multorum
1040 5563 1109 5594 unum
1120 5552 1242 5605 separatim
1258 5549 1499 5605 hendecasyllaborum
1513 5553 1619 5594 uoluam-n
1631 5549 1761 5601 absolvere,
1771 5564 1814 5594 nec
1825 5563 1878 5606 pae-

381 5630 446 5672 nitet.
460 5630 562 5684 Legitur,
572 5628 718 5676 describitur,
727 5629 835 5670 cantatur
848 5628 924 5674 etiam,
934 5627 958 5666 et
970 5623 1086 5666 attraceis
1100 5634 1199 5681 quoquc,
1209 5634 1266 5682 quos
1282 5623 1361 5666 lactine
1372 5621 1438 5668 liuius
1454 5623 1526 5664 libelli
1539 5633 1602 5670 amor
1617 5622 1700 5674 docuit,
1711 5634 1771 5669 nunc
1786 5622 1878 5670 cithara

382 5712 442 5750 punc
456 5699 509 5764 lyra
523 5703 667 5764 personatur.
683 5717 695 5740 ι
710 5701 776 5750 Pure.
793 5698 842 5760 Ep.
857 5697 901 5742 v11
915 5698 935 5748 4.
