4210 6598
857 691 1068 762 „17-

275 862 511 943 Coniecturis
542 864 603 942 hio
634 891 786 968 quoque
819 877 1006 968 quantum
1039 867 1088 942 sit
1118 865 1332 944 laboratum
1360 868 1584 964 videbimus,
1617 897 1705 947 cum

222 1008 372 1085 studere
408 1007 534 1110 potius
571 1019 759 1110 oporteret
793 1008 1016 1110 impensius:
1053 1009 1193 1085 etenim
1225 1035 1458 1111 quamquam
1490 1011 1706 1112 singulis'e

122 1157 125 1164 ’
220 1151 379 1229 vocibus
405 1151 647 1253 perspicuum
674 1151 766 1252 qnid
794 1178 1009 1253 expromere
1036 1178 1114 1228 uon
1142 1179 1262 1253 usque
1288 1151 1389 1248 licet,
1418 1154 1545 1230 omnia
1578 1164 1704 1230 tamen

222 1293 426 1395 dequibus
453 1294 498 1369 fit
523 1292 708 1395 quaestio,
726 1304 771 1370 ut
788 1294 899 1370 nobis
926 1293 1033 1371 libris
1059 1321 1149 1370 mss.
1169 1307 1259 1370 sunt
1284 1308 1443 1390 servata,
1463 1296 1704 1397 proportione

221 1461 301 1513 esse
327 1425 525 1511 adfirmare
553 1435 708 1516 omnino
736 1462 812 1512 non
842 1435 988 1512 dubito.
1017 1435 1149 1512 Sicubi
1175 1462 1277 1530 vero,
1297 1447 1341 1512 ut
1361 1437 1537 1533 diximus,
1558 1450 1706 1514 senten·

221 1575 314 1652 tiam
340 1576 573 1678 apertissime
591 1589 719 1679 patere
747 1603 825 1653 non
852 1588 1011 1672 constet,
1031 1577 1158 1679 potius
1184 1605 1300 1679 quam
1327 1578 1376 1654 ad
1403 1580 1605 1661 verborum
1625 1605 1705 1654 mu-

220 1719 394 1816 tationes,
414 1718 571 1821 plenum
594 1719 699 1797 aleae
717 1721 842 1822 opust,
862 1719 1139 1822 confugiamus,
1159 1719 1256 1797 illud
1275 1722 1452 1798 omnibus
1469 1721 1704 1799 inculcatum

218 1859 381 1938 maxime
407 1861 522 1938 velim
550 1889 636 1938 eum
663 1862 831 1964 profecto
858 1862 1096 1964 Propertium
1124 1889 1215 1958 esse,
1238 1863 1294 1939 uti
1323 1889 1380 1939 ex.
1400 1893 1437 1965 g.
1457 1865 1597 1940 nostris
1623 1865 1704 1965 qui-

219 2001 304 2079 dem
324 2003 556 2104 temporibus
574 2002 766 2080 Fusculus
783 2004 823 2080 iu
845 2040 860 2071 ι
879 2003 1106 2104 Sepuloris
1125 2039 1163 2101 2,
1182 2004 1249 2106 qui
1267 2003 1462 2080 alacritate
1479 2017 1516 2081 et
1529 2006 1703 2082 acumine

217 2145 355 2220 mentis
382 2144 574 2247 animique
601 2145 791 2223 celeritate
818 2145 969 2223 lectoris
995 2147 1245 2248 praescieris
1273 2157 1391 2248 egeat,
1421 2147 1513 2224 adeo
1542 2175 1632 2224 sane
1660 2157 1703 2223 ut

218 2286 453 2364 divinatione
486 2289 608 2389 magis
635 2299 749 2390 atque
780 2288 956 2365 interiore
986 2287 1151 2390 quadarn
1186 2290 1398 2367 animorum
1435 2289 1702 2367 coniunctione

219 2411 335 2532 quam
361 2429 444 2531 ipso
472 2429 621 2532 saepius
648 2431 849 2508 verborum
876 2430 1025 2506 tramite
1049 2457 1148 2532 quae
1173 2429 1296 2507 voluit
1314 2443 1425 2533 poeta
1452 2431 1702 2533 percipiamus

219 2583 401 2674 oporteat.
439 2570 502 2648 Ad
537 2571 642 2666 haec,
679 2572 919 2674 Propertium
958 2573 1102 2674 ingenii
1141 2571 1374 2650 sublimitate
1409 2573 1703 2674 adfectuumque

218 2713 385 2794 motibus
412 2714 461 2790 ad
487 2713 653 2818 lyricum
679 2742 802 2816 genus
819 2715 941 2818 magis
967 2741 1082 2817 quam
1109 2716 1158 2792 ad
1186 2715 1394 2818 elegiacum
1423 2726 1561 2793 natura
1587 2716 1702 2793 fuisse

219 2867 478 2958 comparatum
512 2883 664 2934 necesse
691 2868 748 2933 est
775 2857 944 2933 animum
981 2857 1235 2955 advertamus,
1264 2868 1379 2959 atque
1412 2885 1499 2935 eum
1528 2858 1701 2962 Pyndari

218 2998 387 3100 vestigiis
420 2999 650 3100 plusquam
683 3012 833 3101 poetam
861 2999 1069 3102 elegiacum
1105 3001 1252 3077 deceret
1284 3000 1482 3076 institisse:
1511 3001 1566 3076 ita
1593 3013 1638 3077 ut
1663 3013 1702 3077 et

217 3140 409 3217 inusitatis
436 3125 636 3220 verborum
665 3142 1019 3244 significationibus,
1039 3159 1077 3218 et
1094 3143 1197 3244 quod
1225 3169 1344 3219 nexus
1372 3143 1593 3245 plerumque
1622 3171 1703 3220 seu·

218 3283 423 3360 tentiarum
451 3283 693 3380 desideretur,
713 3283 875 3360 difficilis
902 3310 1191 3385 nonnumquam
1212 3284 1410 3361 intellectu
1437 3285 1515 3378 fiat,
1534 3285 1574 3362 ni
1593 3286 1702 3361 enixe

217 3426 268 3502 ad
286 3452 373 3502 eum
391 3425 647 3502 attendamus:
676 3453 774 3526 quae
801 3426 954 3527 quidem
982 3453 1118 3502 causae
1137 3427 1362 3528 praecipuae
1387 3439 1478 3503 sunt
1506 3427 1702 3503 habendae

217 3568 388 3645 omnium
416 3569 491 3644 lere
518 3569 616 3645 inter
642 3569 864 3670 interpretes
894 3569 1183 3663 dissensionum,
1212 3580 1250 3643 et
1277 3569 1445 3644 omnium
1473 3596 1571 3671 quae
1599 3571 1701 3646 docti

219 3709 455 3810 transalpini,
490 3710 565 3785 iam
592 3708 681 3784 inde
708 3735 731 3784 a
758 3709 1020 3806 Lachmanno,
1042 3721 1086 3785 ut
1107 3710 1139 3785 I.
1168 3709 1403 3811 Scaligerum
1430 3709 1470 3814 (¹)
1498 3722 1699 3808 transeam,

216 3879 283 3956 per
301 3852 442 3929 saeculi
469 3879 621 3928 cursum
640 3853 680 3928 in
700 3853 885 3953 Propertii
906 3852 1013 3929 libris
1040 3853 1243 3928 commenti
1271 3864 1373 3929 sunt.
1394 3852 1465 3928 His
1489 3856 1701 3956 praemissis

218 3997 267 4072 ad
295 4023 373 4072 rem
400 4021 613 4097 pergamus.

270 4137 504 4237 Praecipuus
531 4138 666 4214 horum
689 4136 859 4214 locorum
886 4137 919 4213 is
946 4149 1014 4235 est,
1042 4137 1109 4240 qui
1138 4167 1201 4214 vv.
1224 4142 1338 4214 19-29
1367 4139 1595 4233 continetur,
1624 4167 1700 4241 quo

151 4375 156 4384 ³
217 4279 436 4374 contrarias,
465 4306 563 4380 quae
597 4307 707 4382 sagas
740 4307 913 4381 quaeque
945 4281 1085 4356 amicos
1120 4281 1337 4381 Propertius
1372 4292 1466 4378 orat,
1495 4285 1701 4360 sententias

217 4423 315 4500 male
333 4423 541 4518 cohaerere,
559 4423 778 4525 praesertim
805 4423 993 4525 particula
1010 4437 1053 4520 et,
1072 4425 1174 4500 inter
1189 4451 1228 4501 se
1247 4425 1523 4502 Sabbadiuium
1545 4437 1699 4527 putasse

216 4566 292 4656 iam
319 4565 573 4667 exposuimus,
593 4592 638 4642 ac
658 4577 856 4668 propterea
882 4565 1111 4642 dirimendas
1139 4566 1327 4658 statuisse,
1356 4580 1394 4643 et
1420 4595 1552 4644 vocem
1580 4570 1701 4646 excla-

217 4709 356 4784 mantis
383 4710 511 4808 cipro
542 4707 811 4784 coniunctione
841 4707 1067 4810 ponendam.
1097 4707 1183 4801 Qua
1214 4709 1456 4805 correctione,
1485 4721 1530 4786 ut
1557 4711 1701 4788 Sabba·
1813 4691 1816 4700 ’

216 4851 364 4926 (linium
390 4849 647 4947 absolvamus,
667 4851 796 4951 inepta
822 4850 886 4953 (sit
908 4851 1031 4953 gratia
1058 4852 1187 4956 verbo)
1214 4852 1307 4928 adeo
1334 4852 1477 4928 locutio
1497 4855 1531 4928 ei
1548 4881 1609 4930 voa
1636 4882 1700 4931 vo·

217 4993 340 5070 cantis
374 5003 500 5070 estare
532 4992 626 5069 mihi
662 4993 825 5089 videtur,
855 5005 1009 5120 tamque
1036 5021 1058 5070 a
1087 4995 1291 5091 communi,
1324 4995 1464 5072 nedum
1499 4996 1697 5097 Propertii,

219 5162 289 5212 usu
316 5146 471 5232 remota,
500 5146 555 5232 ut,
584 5134 645 5212 vel
673 5136 722 5212 ob
749 5135 833 5233 hoo,
863 5135 1085 5213 Sabbadinii
1115 5137 1371 5214 coniecturam
1399 5138 1446 5215 de
1472 5165 1549 5241 qua
1575 5140 1697 5216 fusius

216 5290 305 5354 ante
332 5278 591 5374 tractavimus,
619 5277 835 5379 pronihilo
862 5279 983 5356 laoere
1010 5278 1123 5381 plane
1150 5306 1334 5357 censeam.

269 5651 317 5731 (1)
338 5649 458 5722 Catulli,
479 5651 601 5722 Tibulli,
628 5651 776 5730 Propertii
799 5652 884 5712 Nora
907 5653 1007 5714 editio.
1026 5653 1169 5732 Josephus
1191 5655 1336 5733 Scaliger,
1362 5655 1422 5717 Jul.
1440 5655 1576 5718 Caesaris
1597 5655 1631 5718 F.
1654 5677 1697 5718 re

217 5735 338 5794 censuit.
359 5733 494 5794 Lutatiae
517 5733 602 5793 1577.
977 5737 980 5743 '
