4210 6598
765 1821 1076 1940 annsno
1105 1823 1157 1912 11.
1280 1939 1283 1950 .

221 2067 373 2146 Utrum
395 2066 439 2144 in
461 2067 520 2144 1v
540 2089 596 2145 an
611 2069 655 2147 in
673 2069 713 2144 V
730 2069 857 2146 libros
879 2090 957 2146 sua
979 2069 1164 2146 carmina
1186 2069 1438 2148 distribuerit
1459 2072 1698 2169 Propertius

187 2629 192 2648 .
272 2564 335 2642 Ad
360 2567 619 2668 quaestionem
647 2567 769 2644 multo
795 2570 974 2646 maiorem
999 2569 1232 2666 devenimus,
1256 2595 1373 2671 quam
1400 2579 1527 2646 tamen
1553 2596 1700 2672 praeoe-

221 2707 327 2786 deuti
365 2708 608 2811 exploratius,
646 2709 720 2786 nisi
759 2708 853 2812 quid
886 2736 947 2787 me
983 2710 1127 2808 refellit,
1164 2737 1234 2788 nos
1269 2711 1543 2788 diiudicaturos
1580 2739 1699 2813 spero.

221 2851 362 2928 Omnes
388 2852 429 2928 in
456 2851 528 2928 hoo
555 2852 801 2930 consentiunt
826 2863 971 2930 veteres
987 2880 1090 2949 msa,
1114 2863 1298 2955 quattuor
1324 2853 1544 2931 exhibentes
1570 2852 1699 2950 libros,

219 3020 382 3097 quorum
416 2994 530 3070 fidem
563 2994 724 3072 saeculis
758 2994 942 3071 anteactis
977 2995 1019 3071 in
1056 2995 1215 3072 dubium
1251 3004 1415 3073 verterat
1450 3021 1561 3073 nemo
1597 2995 1702 3100 (nam

218 3137 259 3212 in
296 3135 374 3213 suis
409 3135 670 3212 audacissimis
706 3136 991 3213 traiectionibus
1026 3136 1058 3214 Ι.
1096 3135 1280 3238 Scaliger
1298 3136 1479 3214 traditum
1518 3137 1702 3214 librorum

219 3305 418 3356 numerum
455 3278 645 3381 servavit),
674 3278 806 3376 donec,
834 3278 990 3356 ineunte
1015 3278 1087 3355 hae
1116 3275 1249 3376 aetate',
1278 3278 1415 3356 Oarolo
1451 3279 1701 3356 Lachmanno

219 3421 260 3527 (¹)
286 3434 344 3499 est
370 3421 495 3499 visum
514 3423 555 3498 in
577 3421 667 3499 daos
693 3421 828 3499 libram
854 3423 913 3498 ΙΙ.
942 3449 1012 3498 esse
1039 3420 1293 3518 dirimendum,
1320 3423 1444 3500 tribus
1470 3421 1529 3498 his
1556 3423 1702 3524 potissi·

219 3591 325 3640 mum
350 3562 563 3641 rationibus
588 3575 772 3665 permoto:

219 3707 252 3782 Ι.
282 3706 420 3798 Quod
456 3706 579 3808 apud
614 3706 813 3808 aliquot
844 3717 1067 3783 veterum
1107 3707 1414 3809 scriptorum
1449 3706 1700 3783 carminum

272 3850 368 3932 fiat
401 3849 606 3946 mentio,
644 3875 768 3951 quae
802 3850 852 3925 in
890 3848 1098 3941 traditis
1134 3850 1282 3950 Prop.
1316 3849 1466 3926 libris
1503 3876 1599 3926 non
1635 3876 1702 3927 re·

272 3992 536 4095 periantur:
569 4004 814 4094 praeterea
848 3990 972 4093 quod
1001 3991 1194 4068 initium
1225 3992 1312 4068 lib.
1345 3992 1411 4069 11.
1444 3993 1704 4069 carminum

273 4129 646 4237 deper'ditorum
681 4133 932 4211 nonnulla
966 4134 1281 4235 praeseferat
1317 4135 1561 4236 vestigia.

218 4277 271 4353 ΙΙ.
301 4275 433 4369 Quod
473 4275 627 4378 elegia
665 4303 782 4378 quae
821 4275 869 4352 in
905 4275 938 4351 l.
976 4276 1023 4351 II
1063 4288 1134 4352 est
1170 4277 1244 4352 10.
1287 4276 1488 4378 speciem
1529 4276 1701 4353 habeat

272 4419 419 4524 velut
441 4417 628 4521 prologi
663 4418 840 4520 integri
877 4417 1105 4493 cuiusdam
1141 4417 1247 4494 libri
1279 4417 1493 4518 Augusto
1529 4418 1699 4496 dicati.

219 4562 292 4638 III.
322 4561 454 4655 Quod
480 4561 699 4638 versibus
726 4560 792 4663 (11.
823 4563 886 4656 13,
916 4559 1077 4663 25-26.);

467 4764 486 4801 ι
508 4739 565 4808 Sat
586 4758 665 4820 mea,
689 4741 738 4806 sat
760 4759 874 4824 magna
896 4740 953 4818 est,
976 4737 1003 4804 si
1025 4740 1087 4805 tres
1109 4739 1171 4805 sint
1193 4758 1304 4824 pompa
1326 4739 1433 4820 libelli,

510 4865 592 4949 Quos
615 4885 672 4952 ego
695 4851 901 4968 Persephonae
923 4863 1058 4931 maxima
1079 4863 1158 4931 dona
1181 4865 1287 4944 feram,
1311 4891 1329 4926 »

270 5027 403 5104 locus
438 5027 599 5129 potins
635 5025 682 5102 in
718 5025 811 5103 ΙΙΙ.
847 5025 935 5102 lib.
973 5052 1073 5102 esse
1109 5023 1320 5102 deberet.
1349 5067 1403 5082 -

268 5170 416 5247 Infiniti
440 5169 553 5247 fuerit
570 5170 694 5273 operis
720 5168 847 5246 omnia
874 5170 956 5246 fuse
974 5195 1018 5245 ao
1038 5167 1260 5270 singillatim
1279 5167 1319 5244 in
1338 5167 1503 5244 medinm
1522 5167 1697 5268 proferre,

216 5339 314 5416 quae
340 5324 398 5390 tot
428 5326 515 5416 post
545 5313 836 5390 Lachmannum
869 5313 1091 5414 interpretes
1128 5311 1382 5407 coniecerunt,
1416 5320 1459 5387 ut
1474 5311 1602 5386 ,istam
1637 5309 1698 5386 vel

272 5708 320 5789 (t)
341 5709 373 5770 C.
394 5709 580 5781 Lacnuann,
600 5708 621 5766 l.
643 5724 668 5766 c.
692 5724 719 5782 p.
740 5705 780 5764 20
800 5720 880 5780 seqq.
