4210 6598
835 669 962 744 ..31
993 709 1045 729 ...

434 941 436 948 ,
507 906 524 942 e
548 879 654 949 Hostis
677 881 772 966 siquis
795 882 852 949 erit
874 882 971 962 nobis,
994 884 1078 949 annet
1099 881 1152 949 ille
1174 880 1307 966 puellas:

551 987 753 1054 Gaudentio
768 1009 869 1072 puero
891 989 917 1057 si
939 989 1007 1074 quis
1029 987 1147 1056 enricus
1169 990 1240 1055 erit:

503 1094 681 1178 Tranquillo
703 1097 774 1162 tuto
796 1095 949 1162 descendis
971 1096 1097 1162 flumine
1119 1095 1244 1182 cymba:

399 1155 437 1242 11
465 1199 473 1220 “
548 1200 628 1283 oure
650 1201 707 1267 ens
730 1203 796 1268 um
818 1201 1261 1286 prostrastratum

502 1306 591 1375 Alter
613 1327 701 1392 saepe
723 1327 783 1375 uno
806 1309 910 1375 mutat
932 1308 1104 1400 praecordis
1126 1309 1227 1389 narbo,

547 1413 654 1482 Altera
676 1415 726 1480 nir
747 1415 812 1500 ipso
834 1414 982 1500 sunguine
1004 1415 1107 1482 mollis
1129 1416 1196 1482 erit.
1221 1440 1239 1477 s
1350 1459 1355 1468 .

200 1642 334 1720 statuit
351 1641 440 1720 oiim
468 1645 719 1745 Propertium,
743 1643 899 1746 Cynthia
921 1645 1057 1742 relicta,
1075 1649 1179 1747 turpi
1190 1673 1393 1751 puqrorum
1417 1649 1539 1724 amori
1556 1656 1679 1724 totum

199 1786 421 1888 aliquandiu
457 1775 627 1864 deditum
663 1787 790 1885 fuisse,
822 1795 900 1891 qua
935 1787 982 1866 de
1012 1815 1053 1866 re
1082 1788 1352 1868 obscenissima
1387 1791 1556 1866 earmina
1591 1817 1678 1867 cum

200 1929 421 2031 scripsisset,
439 1928 533 2006 haee
560 1929 705 2008 seilicet
730 1930 923 2028 Ovidium,
945 1931 986 2008 in
1013 1931 1067 2009 Π.
1087 1931 1283 2029 Tristium,
1303 1932 1464 2010 maxime
1491 1944 1678 2035 spectasse

202 2071 416 2173 aquodam
451 2071 606 2150 librario
637 2077 780 2175 postes,
808 2074 1057 2152 verecundiae
1092 2074 1224 2176 gratia,
1253 2086 1400 2176 praeter
1432 2101 1564 2173 unum,
1594 2076 1681 2152 sub·

201 2213 348 2292 tructa‘?
374 2214 449 2311 Sic,
476 2216 658 2317 quoniam
683 2243 743 2294 res
769 2217 959 2314 admonet,
989 2212 1264 2295 Sabbudinium
1290 2217 1456 2315 memini,
1482 2218 1522 2294 in
1549 2220 1678 2296 eadem

200 2383 315 2496 qqam
343 2369 430 2435 ante
458 2359 691 2436 excussimus
719 2359 1005 2463 scriptiuncula,
1018 2359 1213 2438 nonnulla
1239 2387 1307 2462 pro
1334 2373 1436 2438 certo
1463 2360 1637 2438 hebere
1625 2390 1681 2438 rn-

203 2499 394 2576 tereidisee
426 2500 595 2577 carmina
628 2499 754 2603 Prop.,
782 2501 898 2602 quod,
926 2529 1014 2578 cum
1045 2503 1264 2604 Propertius
1291 2503 1338 2580 de
1365 2499 1535 2606 Cynthia
1568 2503 1681 2605 scrip-

205 2642 314 2718 sisset
339 2641 426 2746 (111.
456 2645 518 2739 24,
551 2641 616 2747 7.).

540 2897 558 2935 ι
581 2873 622 2940 Et
644 2873 726 2941 oolor
747 2876 794 2941 est
817 2873 928 2941 toticru
948 2893 1036 2942 raeco
1058 2873 1189 2942 collatus
1211 2873 1289 2955 Eoo,
1312 2901 1331 2938 s

203 3113 392 3189 nusquam
419 3098 546 3165 tamen
574 3086 666 3164 alibi
693 3087 835 3166 locutio
862 3088 931 3165 illa
956 3090 1144 3166 recurrat!

256 3405 308 3484 ῙῙ.
336 3433 388 3486 DE
415 3433 558 3487 surm
580 3391 802 3487 Lucullum
824 3431 1178 3487 saumurffloms
1199 3434 1320 3488 rrum
1342 3433 1580 3489 posunerunt:
1609 3435 1682 3488 SEU

308 3557 361 3610 DE
388 3557 636 3612 remunerere
661 3557 737 3610 LIB·
765 3559 807 3610 11.
836 3557 966 3611 STATU·
994 3577 1046 3592 ·-·

256 3798 608 3878 Lachmannianam
643 3799 828 3902 Propertii
864 3800 1066 3877 editionem
1103 3800 1134 3876 si
1168 3802 1255 3901 quis
1288 3799 1330 3876 in
1365 3827 1522 3876 manum
1559 3827 1685 3903 sump-

205 3942 305 4038 serit,
331 3941 429 4020 illud
456 3942 490 4018 si
517 3943 700 4019 continuo
727 3943 777 4018 ob
804 3941 936 4018 oeulos
962 3941 1098 4038 veniet,
1120 3940 1260 4042 elegias
1284 3914 1384 4043 qnae
1410 3942 1449 4018 in
1478 3941 1573 4020 libb.
1592 3970 1683 4020 mss.

204 4084 448 4188 vulgatisque
474 4086 703 4164 editionibus
731 4085 830 4162 inter
859 4089 893 4164 6.
921 4097 959 4162 et
989 4089 1050 4162 13.
1077 4085 1145 4162 lib.
1173 4085 1225 4161 11.
1254 4085 1539 4162 concluduntur
1564 4086 1619 4161 ita
1644 4086 1685 4162 in

205 4240 331 4331 partes
356 4256 437 4306 esse
454 4231 670 4331 discerptas,
690 4240 735 4304 ut
752 4253 929 4330 campum
955 4255 1046 4305 sane
1067 4239 1155 4331 post
1180 4227 1375 4330 proelium,
1394 4229 1576 4305 confectis
1603 4227 1685 4305 vul·

205 4372 421 4474 neratisque
447 4371 667 4474 corporibus
693 4370 946 4472 membrisque
972 4371 1099 4447 recisis
1127 4371 1297 4471 undique
1324 4394 1510 4473 sparsum,
1538 4370 1571 4446 ei
1598 4397 1686 4446 con-

204 4515 346 4617 spicere
380 4515 564 4592 videatur.
602 4512 783 4591 Conicere
822 4512 913 4590 ficet
947 4512 997 4590 ad
1032 4512 1104 4589 boc
1139 4512 1431 4589 Lachmannum
1470 4523 1683 4614 permotum

206 4658 321 4735 fuisse
347 4669 392 4734 ut
419 4659 657 4736 confirmaret
682 4657 723 4734 in
750 4658 846 4735 duos
880 4657 949 4733 lib.
977 4656 1046 4753 11,
1070 4682 1094 4731 a
1123 4657 1185 4732 10.
1213 4655 1302 4731 inde
1328 4655 1449 4756 elegis
1485 4681 1565 4732 esse
1600 4655 1687 4731 diri-

205 4800 398 4878 mendum.
426 4801 561 4902 Itaque
593 4801 678 4877 aliis
712 4801 872 4903 probare
907 4798 1065 4895 studuit,
1093 4799 1148 4874 ita
1174 4808 1394 4900 corruptum
1430 4798 1598 4875 codicem
1630 4825 1687 4874 ar-

206 4943 414 5048 chetypum
447 4943 496 5020 ad
530 4971 600 5021 nos
635 4944 880 5039 evasissent,
908 4969 997 5020 cum
1031 4967 1161 5018 omnes
1187 4951 1274 5043 post
1302 4944 1338 5017 9.
1366 4940 1433 5016 lib.
1462 4940 1514 5016 II.
1544 4941 1685 5044 elegiae

207 5097 368 5164 aetatem
409 5115 487 5165 non
522 5087 717 5183 tulissent,
758 5098 827 5164 aut
865 5087 1033 5188 ipsarum
1073 5083 1253 5186 reliquiae
1290 5093 1441 5160 tantum
1474 5095 1687 5180 exstarent,

206 5231 325 5307 exiis
355 5229 528 5331 libroque
564 5229 674 5308 tertio
710 5255 811 5309 unus
846 5228 943 5306 liber
968 5255 992 5304 s
1017 5227 1172 5304 librario
1207 5227 1379 5329 imperito
1416 5239 1514 5304 esset
1546 5227 1686 5324 factus;

207 5374 317 5452 cuius
351 5372 405 5450 rai
440 5373 623 5451 indicium
658 5371 811 5475 quidem
847 5398 927 5449 esse
961 5371 1009 5448 el.
1049 5371 1124 5467 10,
1160 5370 1264 5471 quod
1299 5369 1395 5446 nihil
1431 5369 1537 5447 aliud
1571 5396 1687 5472 quam

206 5515 403 5594 cuiusdam
430 5515 518 5593 libri
540 5512 771 5617 prooemium
798 5539 879 5590 esse
905 5522 1043 5615 posset,
1063 5522 1178 5613 atque
1205 5537 1268 5588 eas
1295 5537 1391 5612 quus
1415 5512 1515 5588 inter
1533 5539 1572 5588 se
1590 5511 1688 5587 male

206 5685 335 5736 seeum
371 5659 613 5737 cohaerentes
648 5683 769 5760 nuper
794 5655 969 5752 diximus,
1002 5654 1220 5756 dequibus
1257 5681 1465 5733 sermonem
1502 5653 1576 5731 iam
1612 5653 1688 5734 iem
