4210 6598
1016 673 1227 746 ...43-

380 885 481 988 giam
512 889 573 963 19.
592 884 659 962 lib.
678 883 724 980 1,
743 884 783 961 in
801 909 879 986 qua
904 883 951 960 de
978 884 1164 985 exsequiis
1188 883 1319 961 itidem
1337 911 1424 961 cum
1451 896 1599 986 agatur,
1618 911 1856 986 nequaquam
1934 879 1940 890 ’

379 1030 426 1106 iis
453 1042 534 1106 tum
560 1039 763 1106 contentus
794 1027 943 1104 videtur
968 1039 1091 1128 poeta,
1119 1027 1186 1128 qui
1213 1027 1366 1104 tandem
1393 1027 1589 1105 concludit
1613 1025 1692 1131 (vv,
1722 1028 1855 1132 25-6·):

627 1321 646 1358 ι
669 1297 779 1378 Quare,
801 1296 876 1362 dum
898 1295 980 1374 licet,
1003 1294 1083 1362 inter
1105 1313 1159 1362 nos
1180 1295 1331 1362 laetemur
1352 1297 1506 1364 amantes:

667 1404 736 1471 Nou
758 1403 836 1470 satis
856 1404 904 1469 est
925 1402 990 1470 ullo
1012 1405 1147 1487 tempore
1168 1403 1279 1488 longus
1301 1421 1396 1469 amor.
1420 1427 1439 1463 ›

378 1657 451 1734 Oui
476 1657 630 1760 quidem
645 1655 870 1798 ‘clausulae
897 1655 1015 1758 siquis
1045 1653 1181 1730 callide
1214 1679 1294 1729 rem
1330 1653 1634 1749 consideraverit,
1662 1653 1855 1757 aptissime

377 1800 518 1903 elegiae
548 1804 609 1877 13.
636 1797 725 1876 iude
750 1826 775 1875 a
800 1826 839 1874 v.
867 1801 931 1874 43.
960 1796 1133 1875 clausula
1167 1797 1383 1899 respondet,
1416 1824 1504 1873 cum
1531 1824 1575 1874 eo
1602 1797 1725 1874 solum
1756 1798 1855 1874 inter

377 1971 417 2021 se
443 1943 629 2040 differant,
646 1938 754 2045 quod
777 1929 1184 2043 temporum‘diversae
1209 1923 1363 2017 omuino
1389 1952 1514 2016 essent
1540 1940 1853 2044 opportunitates,

375 2113 464 2164 cum
480 2085 584 2163 illam
604 2085 652 2162 el.
672 2084 880 2186 scripsisset
896 2083 937 2160 in
955 2085 1115 2185 gratiam
1143 2109 1314 2160 reversus
1332 2110 1419 2161 cum
1438 2082 1619 2188 Cynthia,
1638 2083 1737 2160 hano
1765 2111 1853 2160 vero

375 2229 532 2306 discidio
559 2255 680 2330 usque
706 2228 756 2305 ab
783 2255 828 2304 ea
854 2227 1061 2304 seiunctus.

427 2371 500 2467 Ita,
528 2371 692 2474 quaein
719 2370 751 2446 Ι.
780 2369 1017 2446 Lachmanui
1044 2368 1421 2471 argumentationem,
1443 2385 1573 2446 nostro
1591 2398 1611 2446 e
1629 2397 1743 2471 penu,
1772 2395 1855 2472 prc-

373 2514 469 2590 ferre
494 2513 738 2609 habebamus,
766 2523 954 2614 quantum
978 2534 1002 2588 a
1026 2511 1136 2589 nobis
1162 2512 1246 2609 fnit,
1267 2510 1457 2613 expositis,
1483 2510 1581 2589 illud
1608 2513 1755 2588 utinam
1783 2512 1853 2588 sim

373 2669 570 2735 assecutus
596 2669 641 2733 ut
666 2654 917 2759 prudentibus
944 2655 1036 2732 haec
1064 2655 1138 2731 tria
1163 2655 1416 2757 probaverim:

372 2869 1850 2973 I.-Nullumomninoindiciumessenobis,quoputcmus
1986 2921 1991 2934 ·
2084 2846 2085 2896 ³

426 3041 542 3117 opus
568 3013 804 3116 Propertii
827 3011 1044 3089 mutilum
1070 3013 1126 3090 ad
1152 3039 1236 3090 nos
1262 3012 1551 3116 pervenisse3
1579 3013 1660 3092 sed
1685 3025 1853 3092 contra

425 3157 605 3260 potius.
649 3256 655 3274 ι
1607 3265 1611 3272 Ι

372 3300 424 3377 ΙΙ.
453 3347 506 3358 -
532 3300 809 3402 Elegiarum
842 3323 962 3401 quae
991 3300 1121 3377 inter
1147 3302 1187 3375 5.
1217 3325 1268 3376 ac
1298 3303 1371 3376 13.
1398 3297 1486 3376 lib.
1514 3299 1578 3375 11.
1607 3301 1853 3378 continen-

423 3454 511 3540 tur,
541 3444 629 3520 etsi
656 3443 883 3544 quaedam
909 3441 1073 3520 hiulca
1099 3442 1236 3520 valde
1262 3443 1480 3520 oratione
1506 3443 1604 3520 siut
1631 3445 1849 3546 scriptae,

424 3597 616 3688 propter
645 3611 865 3662 summam
901 3585 1044 3661 animi
1076 3584 1490 3683 concitationem,
1527 3612 1620 3688 qua
1656 3598 1755 3663 turn
1789 3587 1852 3663 la-

424 3730 616 3807 boraret
647 3738 797 3831 poeta
824 3755 931 3805 cum
963 3754 1045 3805 eas
1072 3733 1415 3830 componeret,
1448 3755 1850 3834 unamquamque

424 3883 576 3949 tamen
599 3870 1009 3948 absolutissimum
1035 3872 1390 3974 perfectumque
1412 3898 1594 3949 carmen
1617 3872 1848 3952 exhibere.

370 4011 444 4090 111.
472 4057 525 4071 -
552 4011 696 4088 Hunc
723 4012 963 4088 amatorii
997 4011 1258 4115 Propertii
1286 4012 1455 4114 operis
1483 4024 1724 4111 tractum,
1752 4042 1849 4092 non

421 4155 563 4232 modo
595 4181 691 4231 non
719 4165 922 4232 exstare
947 4155 1415 4253 lacunosissimum,
1442 4157 1586 4234 immo
1613 4156 1740 4233 inter
1767 4184 1850 4235 om·

425 4325 507 4374 nes
533 4297 585 4374 in
611 4324 737 4399 quos
764 4297 920 4393 illud,
948 4325 1036 4399 pro
1063 4298 1247 4375 amoris
1274 4297 1758 4396 vicissitudinibus,
1787 4301 1850 4377 di·

422 4439 531 4517 vidi
561 4466 710 4542 posse
742 4440 974 4538 diximus,
1007 4439 1047 4544 (¹)
1074 4468 1174 4518 eum
1200 4469 1303 4520 esse
1340 4443 1422 4544 qui
1448 4443 1647 4520 maximo
1683 4454 1850 4545 tempo

421 4582 487 4659 ris
528 4582 699 4684 spatio
735 4583 1075 4682 contineatur,
1116 4597 1205 4660 aut
1248 4597 1386 4662 certe
1429 4586 1664 4662 maiorem
1705 4613 1850 4689 quam

422 4727 585 4804 ceteri
621 4725 883 4804 materiam
922 4727 1139 4806 canendi
1176 4701 1427 4805 obtulerit
1453 4741 1653 4830 poetae3
1681 4730 1767 4833 qui
1795 4757 1848 4807 eo

420 4868 692 4969 gradatim,
720 4869 864 4945 vario
891 4897 1070 4972 semper
1097 4869 1209 4947 stilo
1244 4871 1624 4974 opportunitati
1656 4898 1850 4951 accom-

421 5011 786 5107 modatissimo,
814 5011 967 5090 animi
996 5014 1074 5090 sui
1114 5014 1353 5114 affectus,
1382 5015 1596 5094 secundi
1633 5014 1847 5094 discidii

422 5167 639 5255 tempore,
671 5154 981 5232 mirabiliter
1007 5155 1232 5236 effinxit.

783 5589 900 5678 rf-sl.

420 5685 468 5768 (l)
488 5687 532 5749 of.
553 5689 672 5760 Quaest.
694 5689 716 5750 l.
738 5707 767 5768 p.
788 5685 890 5760 Μ
