4210 6598
748 673 1014 753 ·..a...

178 855 325 936 attulit:
355 883 489 959 nempe
516 857 706 963 Cynthiae
739 856 935 960 superbiae
962 857 1088 959 potius
1118 883 1233 959 quam
1268 855 1414 933 levitati
1441 855 1513 932 hoo
1544 855 1659 934 tribui

178 1028 288 1102 posse
305 1001 446 1104 quippe
473 1000 535 1078 cui
563 1000 845 1103 suimetipsius
871 1027 1001 1099 servae
1027 997 1227 1105 Lycinnae
1244 999 1284 1104 (¹)
1298 1027 1384 1076 cum
1414 999 1543 1101 Prop.⁰
1569 1000 1659 1076 ami·

179 1143 269 1219 citio.
295 1143 390 1219 forte
417 1153 509 1218 nota
535 1143 686 1220 fuisset:
714 1156 783 1218 aut
809 1142 921 1219 etiam
941 1141 1078 1218 nimiae
1105 1141 1290 1244 Propertii
1309 1141 1513 1236 timiditati,
1533 1142 1660 1218 admo·

179 1285 270 1362 dum
290 1295 382 1362 tunc
403 1285 581 1387 temporis
599 1284 859 1383 adolescentis,
875 1285 1182 1362 adscribendum:
1202 1284 1263 1362 vel
1285 1284 1411 1388 potius
1438 1283 1563 1365 verbis
1590 1298 1659 1360 toto

178 1455 277 1504 anno
303 1453 381 1504 non
408 1439 552 1504 certum
580 1440 618 1504 et
644 1427 842 1504 definitum
870 1427 1034 1530 spatium
1053 1454 1076 1503 a
1094 1433 1204 1529 poeta
1229 1438 1489 1522 memoratum,
1509 1427 1586 1523 sed,
1616 1438 1660 1502 ut

179 1594 308 1646 eorum
334 1596 416 1645 mos
434 1580 492 1646 est
509 1570 617 1676 quia
636 1597 675 1647 se
693 1570 891 1648 benefacta
917 1570 957 1647 in
985 1569 1079 1648 alios
1106 1570 1368 1647 commendare
1395 1569 1526 1666 velint,
1547 1569 1659 1646 valde

179 1737 310 1787 verum
332 1711 544 1811 excessisse,
564 1713 663 1789 sicut
681 1713 772 1790 alibi
790 1713 890 1790 idem
909 1713 1028 1816 egisse
1046 1713 1159 1816 plane
1178 1713 1360 1807 videmus,
1381 1739 1468 1789 cum
1496 1727 1564 1788 tres
1590 1723 1660 1790 aut

178 1878 227 1929 ne
254 1863 329 1930 tres
355 1853 507 1954 quidem
535 1853 701 1957 integros
728 1881 849 1932 annos
876 1856 1003 1932 maltos
1029 1881 1150 1932 annos
1177 1865 1360 1931 vocasset.
1389 1850 1428 1957 (Υ)

232 1993 382 2087 Quibus
417 1994 589 2073 alianae
617 1997 777 2084 ,fortasse
809 1997 955 2074 minora
986 1996 1207 2074 subicienda
1240 1995 1334 2072 mihi
1365 1995 1554 2073 videntur.
1584 1995 1659 2089 Qui

178 2137 279 2214 enim
297 2165 368 2215 nos
384 2139 584 2217 adfirmare
609 2165 810 2242 possumus
831 2137 1037 2246 Cynthium
1064 2138 1118 2216 ita
1144 2137 1310 2242 perditos
1334 2151 1456 2214 mores
1482 2138 1572 2216 olim
1597 2137 1660 2214 ha·

178 2279 307 2358 baisse
332 2293 378 2358 ut
403 2281 540 2358 dehinc
567 2308 650 2358 eam
677 2293 809 2384 poetae
844 2281 969 2359 verbis
1004 2279 1214 2384 praeditam
1248 2279 1363 2358 fuisse
1390 2281 1542 2377 scimus,
1571 2308 1659 2358 cum

178 2433 217 2498 et
230 2421 277 2498 de
290 2421 473 2528 Corynna
491 2449 561 2502 sua
577 2425 741 2500 fateatur
765 2423 925 2501 Ovidius
942 2421 983 2528 (³¹)
1000 2423 1149 2514 facilem
1167 2449 1207 2500 se
1225 2423 1401 2500 omnibus
1414 2433 1544 2525 postea
1557 2451 1661 2525 prae·

178 2564 318 2642 stitisse
343 2591 459 2668 quum
478 2563 633 2650 celebtis
641 2593 708 2668 per
726 2565 834 2668 vulgi
850 2593 918 2643 ora
935 2567 1146 2644 carminum
1162 2565 1282 2669 ipsius
1300 2564 1423 2668 gratia
1450 2564 1537 2642 feni
1563 2577 1661 2642 esset

178 2707 335 2810 coepta?
361 2707 464 2785 Illud
491 2719 683 2812 praeterea
700 2719 849 2812 oportet
874 2708 1099 2804 meminisse,
1119 2733 1242 2809 neque
1268 2707 1434 2785 nobilem
1460 2733 1584 2808 neque
1607 2707 1661 2783 di·

178 2850 306 2948 vitem,
325 2849 365 2955 (⁴)
383 2877 507 2953 neque
520 2851 647 2928 valido
662 2879 827 2954 corpore,
846 2849 887 2956 (⁵)
905 2851 1076 2930 nondum
1091 2850 1203 2928 etiam
1217 2849 1500 2954 carminibus(⁶)
1513 2848 1657 2927 clarum

178 2992 415 3095 Propertium
434 3021 525 3091 esse,
540 2995 718 3071 omnibus
736 2994 899 3096 denique
912 3022 998 3072 eum
1013 3005 1094 3070 tum
1108 2961 1315 3070 virtutibus
1329 2992 1564 3089 destitutum,
1579 2992 1661 3094 qui·

180 3137 253 3213 bus
271 3135 360 3213 solis
378 3135 568 3241 Cynthiae
586 3139 755 3214 animum
783 3137 855 3214 sibi
875 3135 985 3215 facile
1016 3135 1218 3214 conciliare
1235 3136 1429 3238 potuisset.
1449 3136 1656 3231 Postremo,

180 3306 286 3356 secus
304 3306 349 3356 ac
379 3279 579 3358 Plessisius
607 3279 883 3375 animadvertit,
909 3278 1063 3356 minime
1090 3276 1256 3355 alienum
1275 3288 1454 3355 enatura
1477 3277 1659 3355 eiusmodi

177 3422 377 3500 mulierum
405 3422 496 3499 mibi
524 3422 684 3518 videtur,
712 3449 809 3524 quos
836 3434 1020 3498 amatores
1047 3422 1119 3497 sibi
1147 3421 1346 3497 deditiores
1366 3420 1658 3522 fervidiorosque

179 3564 354 3661 viderint,
383 3592 446 3642 eos
473 3579 517 3642 ut
550 3565 691 3642 arctius
724 3566 796 3642 sibi
830 3564 989 3666 alligent
1023 3575 1137 3665 atque
1172 3563 1300 3664 iguem
1336 3589 1465 3639 eorum
1493 3563 1656 3658 foveant,

180 3706 323 3784 diutius
350 3733 395 3784 ac
417 3705 569 3810 longius
588 3708 637 3784 ab
657 3735 695 3784 se
714 3707 892 3802 detinere,
912 3718 1036 3784 castos
1054 3718 1093 3782 et
1110 3733 1258 3783 severos
1276 3732 1398 3782 mores
1424 3706 1658 3783 simulantes.

180 3846 287 3940 Quae
304 3848 416 3925 nobis
433 3848 583 3926 facilius
600 3847 911 3950 persuadebimus
929 3846 1254 3925 considerantibus
1273 3844 1493 3954 Cynthium,
1514 3848 1581 3924 etsi
1603 3861 1661 3924 tot

178 3991 302 4068 varias
325 3991 567 4094 insignesque
585 3993 757 4086 virtutes,
775 4001 871 4093 quot
888 4018 1019 4068 amans
1037 4002 1149 4093 poeta
1167 3991 1315 4087 cecinit,
1335 4017 1405 4067 nos
1432 3990 1465 4066 ei
1493 3992 1658 4068 tribuere

179 4132 355 4230 nolimus,
384 4145 425 4210 ot
458 4145 558 4210 certe
592 4161 679 4210 cum
715 4131 938 4234 vulgaribus
972 4131 1187 4234 vilibusque
1222 4130 1359 4234 puellis
1376 4133 1658 4209 conferendam

178 4303 256 4352 non
284 4303 363 4352 esse
391 4285 445 4370 ut,
469 4275 535 4376 qui
563 4277 707 4378 primus
727 4303 766 4352 sc
786 4275 996 4370 obtulisset,
1021 4275 1195 4352 deditura
1221 4302 1261 4350 se
1287 4275 1430 4352 fuisset.
1459 4275 1658 4352 Hactenus

178 4419 219 4495 in
246 4418 414 4496 Plessisii
442 4418 818 4519 argumentationem.

232 4563 401 4640 Alteram
427 4573 619 4665 praeterea
653 4562 694 4636 in
731 4561 829 4638 hauc
864 4587 941 4637 rem
977 4560 1040 4636 alii
1073 4561 1264 4638 duxerunt
1290 4562 1339 4637 ab
1367 4561 1487 4662 elegia
1522 4560 1656 4637 ultima

231 5235 280 5315 (1)
300 5235 345 5297 Cf.
366 5236 456 5313 Prop.
477 5234 534 5298 111.
555 5236 602 5310 15,
622 5238 683 5298 311.

229 5332 278 5412 (2)
299 5333 339 5393 11.
362 5335 391 5404 8,
414 5335 522 5407 13-143
544 5334 597 5394 111.
621 5335 667 5406 15,
688 5335 723 5408 73
746 5335 798 5395 111.
821 5335 870 5407 21,
892 5335 940 5396 23.

231 5431 280 5510 (3)
301 5430 347 5491 Cf.
366 5432 424 5492 Ov.
443 5433 512 5492 Am.
535 5432 582 5506 12,
602 5432 685 5492 511.

229 5529 278 5607 (1)
300 5529 338 5588 11.
361 5529 408 5600 16,
430 5529 481 5602 19;
503 5530 541 5590 11.
561 5531 610 5602 21,
631 5530 733 5604 3738,
756 5533 804 5592 19.

231 5625 681 5702 fflffifflQstQQ

230 5724 278 5802 (3)
299 5725 322 5784 1.
343 5725 371 5798 8,
392 5724 494 5798 3a403
516 5725 554 5786 11.
568 5727 597 5800 3,
611 5726 720 5800 2122,
742 5727 780 5789 11.
797 5725 940 5801 tan-123
961 5726 998 5788 11.
1017 5728 1065 5801 21,
1080 5725 1192 5802 21-23;
1214 5727 1252 5790 11.
1266 5729 1315 5804 26,
1329 5727 1439 5802 21·26;
1461 5735 1490 5790 et
1512 5728 1634 5808 passim.
