4210 6598
890 685 1101 758 ..61-

252 893 390 990 Ponto,
418 893 581 998 pereatis
615 894 692 978 itm
726 893 813 989 III,
844 906 1002 980 exossat
1036 921 1077 972 se
1110 893 1316 976 lectoribus
1350 893 1399 970 ad
1431 894 1472 972 id
1507 894 1663 972 materia
1696 921 1735 970 se

252 1049 443 1120 rosetum:
472 1025 524 1100 -'
552 1065 646 1120 noa
678 1037 804 1120 enim
839 1037 1062 1140 ingenio,
1090 1065 1187 1122 non
1213 1051 1301 1136 orte,
1329 1064 1424 1118 oon
1451 1038 1507 1114 ad
1540 1038 1731 1134 famem,
1786 1120 1793 1131 ,

253 1180 331 1260 sed
358 1180 413 1262 ad
440 1180 657 1284 quietern
684 1179 854 1282 potius
881 1179 960 1262 vol
988 1180 1046 1267 ad
1073 1179 1287 1262 officium
1315 1207 1368 1257 se
1393 1181 1740 1282 eompoeuissep

251 1337 453 1424 tumque
479 1323 625 1406 modam
650 1323 875 1406 faturum
908 1349 1014 1407 esse
1046 1321 1303 1408 lacrimosi
1336 1323 1595 1419 carminis,
1628 1349 1740 1410 eum

251 1491 369 1546 snae
403 1465 567 1548 modus
603 1477 726 1548 esset
760 1465 980 1548 fortunae
1015 1464 1079 1568 (of.
1117 1465 1232 1544 Trist.
1260 1465 1329 1542 lV.
1357 1465 1389 1560 I,
1422 1469 1500 1542 1-4.
1529 1465 1577 1542 V.
1610 1475 1644 1562 1,
1683 1467 1731 1540 27

250 1633 353 1710 seqq.
382 1651 436 1672 --
461 1608 524 1690 Ex
539 1609 587 1690 P.
604 1607 678 1690 ΙΙΙ.
708 1611 744 1704 9,
773 1611 821 1688 tl
843 1607 962 1711 seqq.)
986 1606 1029 1712 (¹)
1054 1651 1109 1674 ·-·
1135 1607 1255 1708 Atqui
1281 1607 1531 1710 Propertium,
1564 1609 1595 1686 Ι.
1619 1635 1739 1710 quem-

249 1777 354 1828 nune
374 1751 568 1845 hebemus,
588 1777 675 1828 cum
696 1751 850 1828 unicum
869 1752 920 1829 ab
951 1750 1060 1826 initio
1078 1755 1262 1854 (μονάβιβλου
1279 1763 1391 1832 voest
1414 1751 1612 1854 Martialis)
1629 1749 1669 1855 (²)
1686 1751 1735 1830 de

249 1891 419 1998 Cynthia
445 1893 585 1970 librum
612 1892 778 1970 emisisse
802 1906 1036 1995 compertum
1064 1894 1124 1990 sit,
1152 1919 1231 1970 non
1258 1892 1372 1994 longe
1399 1893 1566 1995 profecto
1593 1920 1617 1970 a
1644 1919 1733 1970 vero

248 2062 319 2114 nos
337 2048 430 2140 puto
457 2037 707 2131 aberraturus,
726 2038 766 2113 id
785 2037 1013 2114 conicientes
1031 2059 1117 2113 earn
1145 2037 1265 2140 egisse
1282 2037 1332 2113 ad
1350 2035 1545 2114 Catullum
1573 2064 1661 2114 oum
1679 2065 1733 2115 re-

249 2179 446 2283 spexisset:
474 2180 523 2257 ad
551 2193 619 2256 tras
645 2196 772 2257 eutem
790 2180 907 2257 libros
934 2181 1159 2256 amatorium
1186 2205 1282 2282 opus
1309 2179 1592 2283 provehendum
1615 2180 1733 2284 (prae-

247 2334 305 2399 ter
339 2322 602 2400 Tibullianum
637 2322 840 2426 exemplar)
877 2321 1047 2424 exemplo
1079 2322 1296 2424 praesertim
1333 2323 1483 2400 Horatii
1519 2337 1730 2423 permotum

247 2465 374 2561 fnisse,
403 2465 513 2541 onius
542 2465 695 2566 quidem
723 2449 921 2542 Illjlib'er
952 2451 1110 2542 solemni
1141 2463 1208 2539 illo
1236 2464 1384 2565 epilogo
1417 2465 1639 2542 terminatus
1667 2465 1729 2568 (ef.

246 2606 341 2683 Hor.
370 2605 494 2684 (lar-m.
524 2609 596 2684 ΙΙΙ.
627 2608 690 2704 30,
710 2609 747 2682 2.
776 2653 829 2665 -
854 2608 969 2709 Prop.
997 2608 1070 2686 111.
1103 2609 1237 2712 1,57.)
1263 2607 1390 2684 eadem
1421 2619 1515 2684 tuno
1542 2609 1730 2711 perfectus

246 2762 468 2851 tempestate
495 2763 604 2846 esset,
641 2777 718 2852 qua
745 2751 963 2853 Propertius
988 2751 1041 2827 11.
1069 2750 1208 2827 librum
1237 2751 1399 2827 seribere
1425 2751 1652 2829 instituisset
1677 2749 1729 2856 (Ἴ)

300 2891 411 2984 Quod
431 2919 519 2970 vero
538 2893 675 2970 mirum
692 2891 986 2970 Fleisehmenno
1004 2893 1190 2988 videatur,
1209 2890 1249 2997 (⁴)
1266 2891 1382 2969 fnisse
1399 2893 1466 2994 qui
1498 2892 1729 2973 locutionem

245 3037 286 3110 si
310 3049 399 3111 tres
425 3036 595 3112 sintita
622 3036 672 3113 sit
697 3035 978 3138 interpretetus,
1007 3035 1114 3112 velut
1141 3035 1172 3113 si
1204 3035 1479 3112 desiderium
1505 3048 1657 3113 tantum
1684 3063 1729 3114 eo

244 3175 328 3254 loeo
347 3177 396 3254 ad
423 3179 496 3254 ΙΙΙ.
516 3203 637 3280 usque
664 3178 803 3256 librum
825 3178 994 3255 earmina
1021 3178 1204 3254 amatoris
1222 3177 1455 3280 producendi
1477 3188 1588 3280 poeta
1616 3179 1731 3281 signi·

244 3322 411 3418 fioasset3
443 3347 531 3397 eum
559 3321 652 3397 nihil
682 3333 809 3398 temen
841 3321 921 3423 ipse
948 3321 1093 3398 adferat
1119 3319 1301 3397 adversus
1328 3321 1428 3398 hene
1455 3319 1731 3422 interpretatio·

242 3489 347 3541 nem:
376 3463 489 3540 liceat
520 3464 631 3540 nobis
653 3463 783 3541 itidem
810 3463 949 3559 mirari,
977 3463 1081 3566 qnod
1107 3460 1282 3540 absolute
1309 3463 1368 3540 vir·
1394 3462 1529 3540 doetus
1554 3463 1609 3539 ite
1635 3464 1731 3578 iudi·

244 3611 396 3705 eaverit,
417 3637 517 3706 eum,
532 3611 592 3687 vel
612 3610 858 3712 grammatice
885 3609 1016 3687 habite
1034 3609 1190 3707 ratione,
1224 3608 1346 3685 multo
1366 3607 1487 3708 magis
1502 3610 1728 3686 sententiam

244 3753 294 3832 ab
322 3779 365 3832 eo
401 3753 666 3861 impugnatam
691 3753 753 3834 hie
782 3754 876 3836 tueri
904 3753 1025 3860 parati
1053 3779 1196 3830 eumue.
1230 3753 1315 3828 Hoc
1343 3752 1443 3830 idem
1469 3779 1618 3829 meorum
1646 3779 1727 3830 sen·

244 3897 348 3994 sisse,
384 3903 535 3998 prester¹
568 3895 808 3992 Beroaldnm,
836 3896 1104 3992 Passeratinm,
1135 3893 1376 3990 Paldamum,
1415 3895 1590 3972 extremis
1625 3895 1729 3974 hisee

243 4041 489 4146 temporibus,
517 4040 617 4120 doet.
644 4039 856 4120 Feltiniurn
888 4039 1071 4136 videmus,
1099 4037 1140 4143 (⁵)
1165 4039 1232 4144 qui
1259 4065 1337 4115 rem
1365 4037 1586 4142 diligentius
1612 4065 1727 4139 quam
1766 4011 1774 4030 ⁶

242 4184 355 4262 oeteri
377 4197 435 4261 est
453 4202 689 4288 persecutore
707 4183 895 4284 idemque,
909 4193 960 4264 ut
986 4182 1163 4262 rationi
1190 4181 1337 4283 magis
1355 4195 1726 4262 consentaneum

243 4327 436 4429 verique
463 4325 685 4422 similius,
715 4325 913 4409 Plessisius
940 4353 1093 4430 qnoque
1119 4325 1288 4404 defendit
1304 4327 1356 4434 (Ι)

296 4735 343 4818 (1)
365 4736 473 4808 Quanti
494 4735 543 4796 hic
563 4735 696 4798 iacienda
718 4737 898 4816 optimorum
920 4736 1138 4814 exemplarium
1160 4736 1299 4808 imitatio,
1320 4738 1357 4796 ad
1389 4737 1535 4797 librorum
1568 4755 1726 4798 numerum

241 4835 319 4916 quod
346 4834 461 4906 attinet,
483 4840 601 4912 praeter
628 4851 713 4896 usum
738 4852 924 4896 communem
951 4841 1119 4894 nostrorum
1148 4835 1239 4896 etiam
1268 4840 1446 4912 temporum,
1467 4835 1612 4894 eximium
1641 4835 1726 4894 docu-

241 4937 374 4992 mentum
397 4932 472 4992 mihi
494 4931 613 4992 videtur
639 4931 753 4992 sidonii
776 4927 971 5014 Apollinaris,
991 4934 1051 5009 qul,
1075 4949 1254 5009 quamquam
1276 4950 1368 5010 genus
1394 4934 1432 4992 ab
1453 4950 1488 4992 eo
1510 4939 1723 5009 pertractatum

241 5031 340 5091 minus
365 5031 525 5090 admodum
554 5029 609 5090 hoo
631 5029 806 5110 patiebatur,
827 5031 872 5092 1x
895 5031 1089 5110 epistularum
1111 5017 1230 5090 librum
1244 5031 1319 5090 vm
1345 5031 1548 5110 superioribus
1575 5031 1724 5110 adponere

240 5135 408 5206 permotum
431 5119 522 5188 ririsee
542 5128 651 5192 latetur
672 5128 740 5208 (Ep.
761 5129 816 5214 lX,
838 5127 882 5208 l.)
904 5129 1009 5189 Plinii
1024 5129 1141 5189 orbitae
1159 5137 1304 5192 secatum.

295 5225 343 5306 (2)
365 5227 456 5288 Mart.
476 5227 562 5306 Epig.
582 5226 661 5286 XIV
679 5228 829 5306 Apophor.
850 5227 1046 5288 CLXXXIX.
1319 5235 1322 5242 ’

295 5322 341 5408 (3)
361 5325 465 5385 Eidem
487 5343 564 5388 anno
583 5325 657 5408 (730
677 5327 715 5386 ab
736 5343 764 5386 u.
784 5322 825 5403 o.)
846 5326 1005 5404 adsignant
1024 5326 1123 5386 critiri
1154 5325 1272 5388 Horatii
1303 5343 1424 5387 carmen
1446 5333 1629 5405 postremum
1652 5326 1723 5387 libri

239 5422 284 5486 111
305 5421 358 5500 (el.
378 5421 498 5484 Mttller.
518 5423 590 5484 edit.
612 5423 641 5484 in
662 5424 722 5486 tab.
742 5421 858 5504 chron.)
880 5430 911 5484 et
930 5424 960 5486 11
982 5424 1132 5502 Propertii
1156 5423 1268 5488 librum
1291 5423 1342 5504 (ef.
1363 5425 1487 5486 Braodt.
1509 5425 1530 5486 l.
1550 5423 1591 5505 e.)

295 5519 653 5600 ffliesspfflw.
1067 5551 1082 5584 s

293 5617 339 5697 (5)
362 5617 684 5684 protonotarium
707 5619 765 5682 Zur
786 5620 1026 5698 Properzkritik,
1048 5621 1213 5698 llisenberg
1235 5621 1313 5681 1876
1333 5639 1361 5700 p.
1379 5621 1431 5684 19.

293 5715 342 5795 (6)
363 5716 383 5776 l.
404 5735 431 5778 e.
452 5735 480 5794 p.
503 5717 570 5778 104.
