4210 6598
873 728 1083 801 ...49-

288 1063 361 1142 III.
387 1063 449 1142 Ds
468 1087 616 1142 nunnus
638 1063 869 1142 Lemurum
891 1087 1252 1144 nnuuusursnroun:
1277 1091 1379 1154 ouon
1403 1091 1465 1144 nr..
1488 1065 1549 1144 10.
1569 1090 1645 1146 urs.
1664 1067 1718 1146 II.
1794 1133 1796 1140 .

340 1232 494 1287 sumum
512 1231 604 1285 nese
622 1229 699 1285 uos
716 1231 841 1285 rossrr
859 1233 964 1296 euru
983 1232 1024 1285 m
1042 1231 1176 1286 csrrrn
1195 1232 1298 1287 mnnr
1312 1208 1497 1288 Aususro
1515 1235 1655 1288 urerrr.
1667 1257 1720 1271 -

289 1489 422 1568 Trium
441 1489 540 1568 hano
558 1488 757 1592 pessimam
776 1516 864 1566 oum
882 1490 1059 1568 Pleminio
1075 1489 1115 1594 (¹)
1133 1517 1203 1567 nos
1220 1517 1372 1593 quoque
1390 1493 1626 1571 vocabimus:
1649 1493 1720 1572 tris.

235 1631 337 1708 enim
358 1632 597 1710 Lachmanni
615 1633 823 1709 sententiae
849 1633 1017 1731 obstant,
1045 1659 1207 1735 quorum
1230 1635 1529 1737 unumquodque
1556 1638 1605 1713 ed
1632 1665 1719 1715 eum

236 1775 483 1853 refellendum
510 1801 664 1878 prorsus
688 1774 803 1872 valet,
840 1803 911 1854 neo
947 1777 1152 1878 quiequam
1180 1776 1305 1853 adhue
1331 1779 1511 1855 momenti
1537 1780 1720 1858 adversus

237 1945 281 1996 es
297 1917 536 1996 Leohmsnui
555 1918 713 1995 studiosi
740 1918 872 1995 tulere.
891 1919 1132 1996 -Primum
1159 1919 1362 2021 igiturest,
1381 1922 1485 2022 quod
1503 1932 1606 2000 totus
1624 1922 1721 2000 liber

236 2073 334 2138 esset
360 2061 407 2137 de
433 2061 625 2138 umoribus
652 2061 894 2162 compositus,
916 2081 1005 2139 oum
1031 2061 1072 2137 in
1100 2060 1245 2157 el.10.‚
1273 2089 1386 2164 quem
1412 2063 1565 2166 quidem
1591 2064 1722 2142 huius·

236 2205 337 2282 modi
356 2204 444 2282 libri
462 2203 668 2306 Prologum
686 2204 834 2300 volunt,
850 2203 943 2280 bella
961 2231 1001 2281 se
1019 2215 1234 2301 uenturum,
1254 2205 1357 2282 dinte
1374 2205 1450 2282 inm
1468 2207 1559 2284 satis
1577 2207 1717 2309 puelle,

235 2347 412 2450 Augusto
443 2347 639 2449 promittat
667 2359 790 2450 poete.
818 2391 872 2405 —
897 2345 1084 2444 Alterum,
1112 2348 1216 2450 quod
1242 2347 1403 2445 Nonius,
1432 2350 1504 2426 sub
1530 2375 1569 2428 v.
1596 2377 1720 2430 seeun-

237 2491 337 2586 dore,
362 2491 455 2567 haee
495 2490 626 2567 habet:
665 2491 1004 2592 «Propertius
1035 2490 1308 2592 Eleginrum
1341 2489 1475 2567 libro
1506 2477 1602 2566 111:
1636 2493 1722 2568 Iam

237 2634 417 2736 liquidum
442 2636 564 2710 nautis
590 2659 688 2708 aura
712 2632 886 2708 secundat
910 2635 993 2729 item·
1021 2667 1036 2698 ι
1060 2658 1174 2733 quem
1201 2659 1364 2730 versum,
1389 2658 1543 2708 rumex
1563 2632 1722 2735 vulgate

236 2777 398 2854 leotione
423 2777 464 2852 in
492 2775 559 2852 lib.
578 2775 651 2851 ΠΙ.
671 2776 803 2876 utique
829 2774 1001 2876 legamus
1025 2773 1087 2878 (el.
1108 2778 1171 2872 21,
1193 2775 1281 2878 14.),
1300 2775 1341 2851 in
1360 2775 1429 2852 IV.
1448 2774 1720 2852 Lachmannus

236 2920 396 3023 reponit.
426 2917 675 2995 —Tertium
703 2917 877 3020 denique,
905 2917 1009 3021 quod
1035 2944 1167 2994 versus
1193 2917 1259 3021 (11.
1289 2921 1351 3014 24,
1384 2916 1451 3022 1.).·

532 3155 551 3193 ‹
573 3133 622 3199 Tu
643 3131 787 3217 loqueris,
809 3150 881 3198 eum
904 3131 946 3198 sis
968 3130 1031 3198 inm
1053 3135 1127 3198 uoto
1148 3130 1255 3198 fabule
1277 3130 1367 3212 lslro,
1390 3156 1409 3192 ›

236 3331 346 3428 idest,
375 3329 408 3407 I.
436 3331 511 3404 iam
547 3327 639 3403 edito
675 3326 778 3421 libro,
805 3353 851 3404 ex
886 3325 1045 3404 Laohm.
1073 3327 1289 3404 recensione
1325 3328 1365 3404 in
1399 3327 1473 3404 III.
1501 3328 1568 3405 lib.
1606 3328 1721 3404 ondit.

236 3519 290 3532 -
318 3472 425 3565 Quae
465 3471 560 3548 sicui
600 3471 721 3547 fusius
752 3481 913 3546 tractate
949 3496 1060 3548 nosse
1095 3469 1292 3572 plsouerit,
1319 3471 1370 3546 ad
1403 3497 1467 3548 eos
1502 3471 1724 3573 ablegamus

236 3617 303 3719 qui
329 3615 435 3718 prius
466 3614 512 3690 de
544 3613 589 3690 iis
621 3615 872 3715 seripserunt:
901 3613 1012 3691 nobis
1043 3613 1144 3690 enim
1175 3612 1312 3690 addere
1345 3613 1439 3688 nihil
1472 3613 1512 3689 in
1545 3626 1724 3716 promptu

238 3769 306 3838 est.
347 3758 518 3834 Breviter
556 3756 683 3859 potius
719 3756 922 3834 dicendum
962 3766 1143 3858 putamus
1183 3755 1229 3832 de
1259 3756 1306 3830 iis
1332 3782 1431 3856 quae
1470 3755 1547 3853 alii,
1576 3770 1724 3860 praeter

236 3902 542 3996 Lachmannum,
565 3899 637 3974 viri
664 3899 779 3995 docti,
797 3900 908 4000 genio
927 3925 996 3976 suo
1014 3900 1176 4000 quisque
1199 3925 1341 3976 morem
1359 3899 1519 3976 nimium
1537 3914 1721 4002 gerentes,

236 4055 477 4148 praepostere
503 4069 594 4119 sene
621 4041 824 4119 commenti
851 4051 941 4118 sunt
967 4037 1043 4146 (ἵ).

290 4188 352 4263 Ex
377 4187 437 4262 his
464 4187 646 4278 Russus,
672 4181 712 4288 (³)
737 4185 803 4288 qui
832 4211 919 4261 oum
946 4184 1195 4262 Lachmanno
1222 4195 1347 4262 estere
1372 4185 1475 4281 facit,
1506 4211 1583 4261 non
1611 4197 1723 4287 putet

238 4331 338 4408 hane
365 4330 413 4406 el.
437 4329 646 4405 necessario
673 4327 820 4430 prologi
846 4327 931 4404 loeo
958 4328 1188 4429 ponendom3
1217 4355 1326 4430 posse
1353 4328 1454 4404 enim
1481 4327 1604 4404 medio
1632 4355 1723 4429 quo-

237 4476 369 4577 quein
389 4474 487 4549 libro
513 4473 606 4574 legi:
635 4472 777 4548 nescire
795 4498 834 4548 se
853 4471 1076 4547 traditorum
1097 4470 1306 4548 carminum
1335 4471 1400 4572 qui
1429 4470 1609 4572 prologus
1636 4497 1722 4547 vere

237 4617 381 4713 fuisset,
410 4643 498 4694 eum
525 4615 742 4718 praesertim
770 4615 810 4690 in
838 4613 1041 4716 deperditis
1067 4641 1146 4691 esse
1175 4627 1312 4715 posset.

290 4761 450 4838 Brnmus
476 4755 528 4862 (⁴),
548 4757 611 4858 qui
632 4768 765 4834 eontra
789 4755 967 4858 primum,
985 4756 1089 4857 quod
1116 4781 1239 4857 nuper
1255 4755 1295 4832 in
1315 4755 1605 4831 Lnohmennum
1624 4766 1723 4832 attu-

236 4903 363 4998 limus,
400 4911 679 5003 argumentum,
708 4911 812 4977 totus
840 4909 898 4977 est
923 4911 968 4977 ut
994 4898 1193 5003 prologum
1229 4911 1447 4999 ceterasque
1473 4896 1577 4976 illius
1609 4898 1723 4976 efficti

293 5137 452 5152 —

293 5255 340 5338 (1)
361 5257 382 5318 l.
402 5276 429 5318 e.
450 5275 478 5334 p.
500 5255 568 5316 109.

291 5354 338 5436 (2)
360 5356 490 5432 Gruppe.
504 5355 559 5414 Die
573 5353 662 5414 Rom.
676 5351 760 5428 Eleg.
774 5359 796 5412 t.
812 5352 839 5425 1,
854 5371 881 5430 p.
896 5352 965 5414 275.
979 5351 1163 5424 Heimreieh,
1177 5352 1295 5422 Quaest.
1318 5351 1408 5429 Prop.
1429 5371 1457 5429 p.
1471 5352 1535 5412 32-
1545 5349 1721 5428 luttjohsnn,

237 5454 434 5514 Commentat.
463 5453 563 5528 Prop.,
583 5449 654 5510 Kiel
684 5449 761 5510 1869
782 5469 809 5526 p.
830 5450 870 5509 78
891 5448 921 5508 iu
948 5456 1027 5508 nota.
1056 5449 1179 5509 Hertzb.
1199 5448 1221 5510 l.
1241 5467 1266 5508 e.
1288 5466 1317 5524 p.
1337 5447 1582 5509 217·Baehreus
1603 5447 1624 5507 1.
1646 5465 1671 5507 e.
1693 5465 1722 5524 p.

239 5551 278 5610 42
297 5581 312 5597 ·
331 5551 370 5612 R.
390 5547 508 5610 Scharf.
530 5548 551 5608 l.
571 5565 598 5608 e.
618 5565 647 5623 p.
667 5547 687 5604 7
707 5547 738 5607 in
758 5553 827 5606 notu
846 5576 862 5593 ·
881 5545 1101 5618 Fleisohmnnu,
1123 5545 1143 5606 l.
1164 5564 1190 5606 e.
1212 5546 1225 5604 1
1247 5563 1275 5622 p.
1296 5545 1395 5607 3336.

292 5647 340 5728 (3)
362 5647 384 5706 l.
405 5665 431 5707 e.
452 5665 480 5724 p.
501 5644 551 5705 45.

292 5742 340 5825 (4)
361 5745 579 5807 Bt'reherwesen
601 5762 629 5821 p.
650 5743 811 5803 affl-422..
