4210 6598
860 674 1072 745 ..69-

222 882 396 984 exposuit
414 893 536 985 poeta.
563 881 625 961 Sic
645 895 683 960 et
710 881 880 978 Ovidius,
901 897 1048 986 praeter
1076 884 1288 960 universam
1309 883 1440 985 populi
1459 881 1647 983 regionem
1666 879 1707 984 (¹)

220 1008 429 1111 urbemque
448 1007 612 1085 natalem
631 1005 682 1112 (1),
698 1009 921 1084 domesticam
939 1035 1091 1112 quoque
1109 1012 1287 1110 raptorem
1305 1007 1345 1111 (1)
1363 1007 1584 1084 celebravit:
1605 1033 1708 1107 prae-

220 1142 279 1210 ter
290 1159 407 1235 quam
423 1133 538 1236 quod,
554 1160 641 1210 eum
660 1131 820 1210 Ovidius
839 1135 1064 1210 territorium
1080 1146 1231 1211 tantum
1250 1133 1443 1210 Sulmonis
1459 1131 1704 1232 intellegeret,

219 1270 338 1334 totam
358 1259 575 1359 Propertius
594 1283 676 1334 eam
705 1256 923 1359 complexus
941 1272 999 1335 est
1020 1258 1215 1360 planitiem
1235 1284 1333 1359 quae
1360 1257 1563 1350 fertilitate,
1584 1256 1706 1355 speeie

217 1399 333 1483 atque
359 1381 611 1484 amplitudine
630 1409 734 1459 nune
761 1409 924 1483 quoque,
950 1384 1106 1458 Umbrae
1133 1382 1239 1458 uallis
1266 1382 1431 1477 nomine,
1451 1381 1493 1457 in'
1519 1379 1707 1457 nobilissi-

216 1509 290 1582 mis
309 1507 441 1583 Italiae
469 1507 686 1608 regionibus
709 1506 882 1600 habetur,
902 1507 1004 1609 apud
1022 1519 1166 1584 veteres
1180 1519 1306 1583 autem
1326 1506 1500 1610 pluribus
1515 1507 1561 1581 de
1580 1505 1704 1580 causis

215 1630 354 1707 clarior
379 1632 463 1726 fuit,
494 1645 537 1707 ut
560 1657 628 1708 suo
646 1631 731 1708 looo
754 1632 912 1708 dicetur.
933 1629 1091 1733 Oportet
1124 1644 1313 1731 praeterea
1344 1631 1702 1724 animadvertamus,

216 1756 417 1834 Umbriam
446 1758 494 1833 ab
513 1757 668 1832 Etruria
687 1757 854 1858 proxime
881 1756 1076 1833 Perusiam
1095 1756 1223 1832 Tiberi
1250 1756 1380 1851 fluvio,
1410 1755 1593 1856 Propertii
1614 1767 1704 1828 tem·

214 1882 385 1981 poribus,
414 1881 574 1976 finitam,
603 1907 724 1982 usque
747 1881 796 1956 ad
824 1881 1039 1957 Ariminum
1067 1881 1304 1983 pertinuisse,
1332 1881 1387 1956 ita
1414 1894 1457 1957 ut
1475 1880 1702 1980 Apenninus

213 2033 325 2082 mons
352 2007 392 2082 iu
416 2006 511 2082 duas
530 2033 612 2082 eam
639 2007 861 2108 partiretur:
891 2032 1008 2108 quare
1036 2033 1113 2082 non
1132 2005 1243 2082 modo
1263 2032 1342 2082 non
1365 2030 1700 2106 supervacaneum,

213 2130 329 2206 immo
348 2131 600 2207 neeessariam
628 2131 830 2207 videbatur
857 2142 942 2207 utra
960 2131 1046 2233 quis
1065 2145 1171 2232 parte
1185 2131 1369 2207 oriundus
1383 2143 1479 2206 esset
1497 2129 1699 2219 declarare,

212 2267 260 2330 ut
286 2255 524 2357 Propertium
548 2256 680 2332 fecisse
707 2255 883 2332 vidimus.

267 2380 452 2454 Perusina
471 2382 621 2479 patriae
646 2379 814 2479 sepulcra
841 2394 904 2456 eto.
933 2425 985 2438 --
1017 2380 1078 2456 Ex
1108 2381 1223 2457 rebus
1253 2406 1352 2480 quae
1384 2381 1483 2456 inter
1515 2377 1699 2479 Propertii

209 2503 435 2604 interpretes
458 2504 498 2579 in
518 2504 775 2580 controversia
802 2503 928 2581 adhue
946 2515 1158 2601 versantur,
1179 2531 1257 2583 una
1276 2504 1700 2606 haeoestquae,³p1·op·

209 2639 269 2705 ter
302 2628 540 2704 immutatam
569 2641 759 2705 vetustate
794 2628 963 2706 locorum
996 2629 1142 2726 faeiem,
1167 2629 1365 2732 plerosque
1397 2630 1463 2705 diu
1500 2630 1698 2705 doctorum

263 3283 311 3366 (1)
332 3290 369 3367 a)
388 3289 453 3348 Hoc
474 3308 588 3368 quoqne
608 3289 761 3368 composui
783 3291 944 3368 Paeliqar's
964 3297 1049 3350 natus
1070 3290 1199 3366 aquosis.

1393 3387 1476 3468 (Am.
1498 3389 1537 3448 11.
1560 3386 1587 3460 1,
1611 3387 1642 3465 1)

333 3483 367 3563 b)
447 3527 813 3548 .....
897 3487 1043 3565 Paeliqni
1062 3487 1143 3546 ruris
1163 3486 1311 3547 alumnus.

1308 3643 1312 3654 ,
1383 3584 1441 3665 (lb.
1463 3585 1517 3646 111.
1540 3584 1640 3663 rae)

332 3683 365 3759 o)
385 3682 556 3760 Paolipnae
575 3683 659 3743 dieat·
679 3683 777 3760 gloria
798 3684 895 3760 gentis
915 3701 982 3760 ege.

1454 3781 1512 3860 (lb.
1534 3782 1584 3852 in,
1605 3780 1639 3858 8)

330 3875 365 3956 d)
385 3877 465 3937 Gens
487 3896 552 3938 maa
575 3879 722 3958 Parlipai
801 3923 809 3940 .
892 3923 899 3940 .
981 3924 989 3940 .

1302 3977 1362 4058 (Ex
1386 3979 1420 4040 P.
1441 3979 1494 4038 IV.
1518 3978 1564 4050 lt,
1585 3977 1638 4054 49)

260 4069 308 4148 (2)
328 4076 365 4151 a)
385 4071 493 4132 Sulmo
513 4074 588 4134 mihi
611 4076 707 4152 patria
727 4083 782 4148 est,
803 4075 913 4151 gelidis
933 4076 1102 4136 uberrimus
1125 4076 1221 4136 undis.

1330 4171 1436 4252 (Trist.
1458 4173 1510 4234 IV.
1533 4173 1580 4245 10,
1601 4172 1635 4249 3)

328 4265 362 4345 b)
382 4271 479 4344 Atque
500 4269 608 4347 aliquis
629 4277 765 4348 spectans
785 4271 892 4348 hospes
912 4270 1069 4330 Sulmonis
1089 4272 1192 4348 aquosi

438 4367 566 4437 Moenia,
587 4386 662 4443 quae
682 4371 780 4445 campi
802 4370 904 4445 iugera
928 4387 1018 4445 patrea
1040 4375 1149 4440 tenent,

396 4465 538 4534 -Quae
558 4473 671 4526 tantum
694 4499 735 4514 -
754 4467 835 4527 dieat
854 4499 895 4514 -
914 4468 1052 4544 potuistis
1073 4468 1153 4528 serre
1174 4475 1301 4545 poetam,

457 4563 732 4641 Quantulacumque
751 4566 834 4637 estis,
856 4583 910 4626 vos
930 4583 987 4642 ego
1008 4583 1116 4643 magna
1139 4583 1214 4627 voeo
1233 4599 1274 4614 -

1229 4663 1313 4744 (Am.
1335 4665 1389 4727 111.
1412 4665 1458 4736 15,
1482 4665 1519 4724 16
1539 4663 1635 4742 seqq.)

260 4753 307 4834 (3)
328 4757 364 4835 a)
386 4757 470 4815 Pars
484 4754 524 4836 (¹)
548 4776 595 4817 me
615 4759 721 4819 Sulmo
742 4767 821 4820 tenet
843 4759 978 4836 Paeligni
1001 4764 1092 4820 tertia
1114 4763 1203 4834 ruris,

416 4857 528 4928 I’arva,
549 4857 600 4916 sed
622 4857 750 4934 inriguis
771 4878 827 4918 ora
848 4859 977 4920 salubris
998 4861 1094 4936 aquis.

1333 4957 1418 5040 (Am.
1438 4959 1477 5019 11.
1500 4959 1547 5029 16,
1570 4957 1635 5039 1-2)

252 5153 260 5164 ·
325 5068 359 5147 b)
379 5069 445 5128 Non
467 5087 523 5146 ego
545 5069 704 5147 Paelignos
726 5072 831 5132 videor
850 5074 1003 5134 celebrare
1023 5075 1168 5146 salubres,

413 5167 481 5227 Non
502 5185 558 5244 ego
580 5169 708 5228 natalem
731 5187 809 5229 rura
825 5179 960 5248 paterna
982 5173 1091 5233 locum.

1392 5270 1450 5352 (Ib.
1472 5273 1522 5344 ib,
1543 5271 1633 5352 37-8)

324 5361 354 5440 r)
374 5361 454 5422 Gens
476 5380 541 5422 mea
564 5363 700 5442 Paeligni
723 5367 863 5444 septoque
883 5365 1046 5428 ᾱοηιειιίοιι
1067 5369 1181 5429 Sulmo.

1297 5467 1359 5548 (Ex
1380 5469 1415 5531 P.
1436 5469 1489 5530 IV.
1512 5469 1558 5540 14,
1580 5467 1633 5547 49)

255 5642 284 5698 (1)
299 5642 328 5688 os.
343 5645 415 5688 Srnr.
430 5643 458 5688 ad
473 5645 560 5702 Verg.
581 5645 684 5704 fleorg.
705 5647 735 5692 11.
751 5647 801 5692 140:
815 5663 828 5686 ι
842 5647 969 5693 Clitumnus
984 5648 1069 5694 fluvius
1082 5653 1118 5694 est
1131 5652 1154 5696 in
1168 5653 1276 5696 trasna
1297 5665 1356 5710 quae
1370 5657 1472 5710 estpars
1486 5651 1594 5699 Umbriae
1612 5656 1685 5708 partis

199 5713 294 5758 Tusciae
308 5726 331 5756 s:
345 5715 386 5759 ubi
399 5716 506 5760 Mevania
521 5717 584 5762 urbis
598 5721 687 5763 nomiae
700 5721 773 5764 omnis
786 5731 877 5777 quoque
891 5721 954 5764 elesa
967 5733 1025 5776 ager
1039 5722 1159 5766 manifesto
1172 5722 1322 5780 intellegitur.
