4210 6598
872 711 1083 784 ..71..

227 919 419 1014 tendantne,
448 917 550 996 orello
576 921 699 995 miseri
728 919 802 996 solo
829 920 992 1020 dispereo
1025 949 1105 998 osso
1144 935 1422 1022 contegerentur.
1454 920 1494 1024 (¹)
1522 967 1573 982 -
1602 921 1714 1017 Quod

223 1056 356 1120 autem
383 1043 516 1120 devius
543 1043 654 1121 hodie
680 1041 745 1120 ille
772 1045 822 1121 sit
848 1045 984 1138 clivus,
1008 1071 1130 1148 neque
1157 1045 1232 1123 nisi
1259 1073 1326 1147 per
1351 1057 1535 1148 angustas
1562 1049 1715 1128 semitas

224 1167 439 1264 adeundus,
472 1195 550 1246 nou
583 1169 669 1246 ideo
701 1167 757 1244 ita
787 1169 876 1245 olim
910 1171 1026 1247 fuisse
1057 1169 1171 1272 plane
1205 1171 1316 1250 nobis
1350 1182 1511 1250 testatur
1544 1185 1714 1252 veterum

224 1317 323 1368 usus
349 1291 415 1393 qui
447 1293 657 1370 secundum
683 1293 912 1395 principales
945 1295 1028 1372 vias
1069 1294 1241 1398 sepulcra
1272 1295 1515 1398 disponerent
1545 1293 1596 1400 (Y),
1623 1296 1715 1376 item

223 1417 332 1518 quod
358 1443 403 1494 aa
430 1417 679 1495 rectissimum
707 1418 881 1520 idemque
906 1419 1170 1496 brevissimum
1197 1421 1246 1496 ad
1275 1420 1469 1498 Perusiam
1497 1422 1547 1498 ab
1567 1421 1715 1500 Umbra

224 1539 330 1618 valle
356 1543 624 1620 accedentibus
651 1542 723 1619 iter
749 1555 857 1620 esset.
884 1545 966 1620 Per·
984 1571 1098 1646 quam
1126 1569 1215 1646 ergo
1242 1545 1344 1622 viam
1371 1545 1481 1622 facile
1507 1545 1622 1623 ivisse
1647 1557 1716 1622 aut

224 1691 309 1743 esse
335 1667 479 1743 iturum
507 1667 653 1768 opinari
680 1677 828 1768 poterat
854 1668 934 1744 inre
961 1680 1073 1770 poeta
1099 1669 1257 1746 Tullum
1285 1669 1461 1766 amicum,
1481 1698 1606 1774 quem,
1630 1670 1713 1772 ipso

223 1791 424 1893 Propertio
442 1797 547 1885 teste,
570 1791 913 1896 peregrinationum
943 1820 1123 1900 perquam
1152 1781 1364 1872 studiosum
1382 1795 1497 1872 fuisse
1524 1807 1614 1872 ante
1640 1823 1715 1872 me·

224 1917 460 1994 moravimus
478 1913 530 2020 P).
561 1917 671 2009 Quae
693 1945 780 1995 eum
807 1919 861 1994 ita
880 1917 968 2012 sint,
988 1945 1152 2021 cumque
1170 1945 1216 1996 ex
1241 1919 1402 2015 duobus,
1422 1931 1571 2020 praeter
1596 1919 1712 2017 hunc,

223 2053 361 2142 poetae
387 2040 493 2137 locis,
513 2069 610 2146 quos
637 2071 769 2122 sumus
790 2044 995 2138 excussuri,
1019 2044 1174 2140 certius3
1204 2044 1409 2120 certissime
1427 2071 1514 2121 vero
1543 2072 1590 2121 ex
1616 2045 1712 2142 aliis,

225 2192 327 2280 quae
345 2165 521 2265 vidimus,
541 2160 695 2246 indiciis
709 2169 877 2246 Asisium
905 2170 997 2246 urbs
1015 2195 1094 2244 esse
1123 2169 1307 2270 Propertii
1333 2169 1473 2245 natalis
1490 2167 1713 2265 declaretur,

224 2291 267 2380 in
296 2319 410 2392 quam
440 2293 571 2374 urbem
599 2320 655 2388 aa,
674 2320 752 2395 qua
778 2292 839 2370 hic
867 2320 960 2372 usus
982 2304 1040 2370 est
1066 2305 1190 2395 poeta,
1210 2291 1495 2371 circumlocutio
1522 2293 1715 2396 aptissime

225 2416 406 2518 quadrat:
436 2427 565 2494 nostm
584 2417 748 2519 denique
774 2417 856 2494 iure
881 2419 1018 2504 densas
1036 2418 1246 2495 etiamnum
1273 2417 1361 2495 hine
1384 2445 1536 2520 quoque
1554 2416 1715 2497 nebulus

225 2567 382 2643 prorsus
409 2541 598 2643 dispulsas
625 2542 813 2620 confidere
840 2569 949 2644 posse
976 2555 1155 2646 putamus
1182 2543 1196 2646 (
1209 2543 1234 2648 ).

281 3127 328 3208 (1)
345 3129 422 3190 Huic
437 3128 497 3189 iam
512 3135 605 3191 toan
630 3131 813 3209 superiorem
838 3131 876 3190 el.
891 3129 929 3210 (Ι.
943 3127 999 3209 21)
1015 3130 1206 3193 dedicaverat
1219 3135 1315 3208 poeta,
1328 3131 1418 3191 etiam
1435 3147 1541 3190 nomen
1558 3131 1712 3209 proprium

228 3225 311 3286 Galli
339 3227 381 3286 ibi
405 3227 547 3288 referens.
575 3227 754 3290 Cuiusnam
782 3231 902 3298 iterum,
930 3235 996 3305 pust
1020 3233 1183 3288 memorata
1208 3229 1334 3305 petrino
1359 3229 1511 3306 sepulcra
1533 3227 1564 3288 in
1585 3229 1640 3290 luc
1660 3227 1715 3290 ssat

228 3323 351 3398 mentio,
367 3326 554 3403 potissimum
578 3325 645 3386 inde
665 3333 872 3402 argumentum
890 3327 964 3385 mini
987 3325 1106 3385 videtur
1126 3327 1312 3398 sumendum,
1327 3332 1359 3386 ut
1379 3327 1416 3386 ds
1429 3325 1575 3403 sepulcris
1593 3327 1713 3404 proprie

227 3441 358 3500 vereque
379 3425 509 3484 locutum
531 3443 567 3484 ao
587 3425 652 3485 loco
671 3425 860 3502 Propertium
883 3423 967 3484 nobis
989 3425 1089 3500 utique
1110 3441 1284 3502 persuasum
1304 3425 1354 3496 sit,
1376 3425 1426 3501 qui
1448 3442 1504 3484 una
1523 3442 1591 3485 cum
1606 3425 1715 3486 ceteris

227 3523 347 3582 tumulo
363 3525 504 3584 contectis
516 3524 712 3602 propinquum
733 3525 927 3601 insepultum,
941 3522 1024 3582 velut
1038 3539 1074 3581 ex
1089 3522 1249 3595 contrario,
1264 3523 1293 3582 in
1310 3529 1439 3583 tuentem
1454 3523 1512 3582 sibi
1527 3523 1686 3600 redegerit

282 3621 329 3699 (2)
350 3621 540 3681 ‹Possiamo
562 3622 684 3681 eredere
704 3622 759 3684 cia
783 3621 812 3681 la
828 3621 878 3680 ria
898 3622 953 3680 che
966 3621 1004 3680 da
1024 3620 1123 3697 quella
1139 3627 1223 3697 parte
1241 3621 1411 3681 conducere
1425 3621 1486 3680 alla
1507 3623 1580 3682 citit
1595 3639 1652 3686 nou
1667 3622 1712 3682 sia

227 3737 247 3778 c
269 3726 345 3779 stata
365 3737 440 3796 gran
463 3718 536 3779 fatto
554 3718 673 3778 iontuna
694 3719 773 3778 dalla
795 3725 929 3795 scuperta
950 3718 1112 3796 correpsit,
1132 3719 1311 3778 essendoelre
1332 3719 1427 3794 questi
1450 3719 1552 3796 lnoghi
1578 3736 1714 3779 comune·
1819 3793 1823 3802 ,

228 3837 247 3875 e
270 3824 368 3878 mente
388 3817 576 3878 stabilivansi
599 3817 689 3894 luogo
710 3817 739 3876 le
760 3817 917 3894 pubbliche
938 3817 987 3876 vie
1007 3817 1061 3876 che
1078 3816 1287 3876 conducevano
1307 3816 1367 3876 alla
1388 3818 1460 3878 citu
1481 3824 1537 3878 eto.
1559 3837 1577 3878 r
1596 3849 1638 3866 -
1657 3818 1713 3878 (ἔθ’

228 3917 266 3976 G.
288 3916 321 3977 C.
341 3917 556 3986 Conseruntur,
578 3915 598 3976 l.
620 3933 645 3974 c.
668 3933 695 3992 p.
715 3914 745 3976 8.

284 4013 331 4092 (3)
352 4014 389 4074 cl:
410 4031 456 4074 nr.
478 4033 506 4092 p.
528 4031 625 4091 praec.
646 4031 674 4072 n.
698 4012 725 4084 1,
747 4013 777 4072 in
798 4011 865 4072 flue.
1716 4059 1717 4062 η

280 4111 327 4192 (4)
352 4111 507 4188 Egregius,
535 4128 621 4187 qoem
653 4116 721 4169 unte
752 4110 997 4180 memoravimus,
1025 4109 1063 4170 R.
1090 4110 1260 4181 Mercrius,
1282 4115 1348 4188 post
1368 4109 1525 4170 nonnullas
1553 4110 1633 4170 iuter
1659 4129 1713 4171 nos

226 4217 423 4270 commutatus
444 4209 596 4285 epistulas,
610 4214 715 4268 auctor
735 4205 791 4268 tuit
811 4207 983 4284 potissimus
1005 4215 1045 4278 nt,
1066 4225 1156 4284 quam
1177 4225 1266 4284 supra
1287 4207 1420 4285 exposui,
1437 4208 1510 4268 mihi
1533 4225 1648 4284 quoque
1668 4209 1714 4268 in-

228 4307 470 4385 terpretationem
492 4307 658 4378 suaderem,
672 4307 710 4366 ad
732 4305 795 4365 loen
816 4306 992 4383 praesertim
1015 4306 1111 4383 ipsum
1134 4307 1275 4366 inducens
1290 4323 1339 4366 me
1359 4306 1482 4365 visenda
1504 4306 1554 4366 ubi
1576 4306 1714 4366 vetustis·

228 4405 305 4466 sima
327 4405 540 4466 Perusinorum
563 4404 645 4464 tuere
668 4404 815 4482 sepulcra,
829 4421 965 4480 quomm,
979 4403 1095 4463 fatebor
1116 4405 1206 4475 enim,
1222 4405 1343 4480 ignarus
1365 4404 1402 4463 ad
1419 4403 1507 4480 paulo
1528 4404 1712 4480 superiorem

227 4505 404 4563 memoriam
427 4521 519 4581 paene
539 4503 596 4575 iui3
618 4503 699 4563 socio
724 4503 839 4563 itineris
860 4503 994 4562 adhibito
1015 4502 1177 4562 Francisoo
1197 4503 1347 4574 Menenio,
1369 4503 1483 4580 pictore
1502 4502 1625 4571 eximio,
1646 4509 1714 4560 ante

226 4603 303 4662 alios
317 4602 423 4661 vitreis
437 4601 574 4662 fenestris
593 4601 748 4678 pingendis
762 4602 867 4679 perito.
883 4602 912 4660 is
932 4617 999 4660 cum
1016 4601 1045 4660 in
1061 4603 1163 4678 paucis
1178 4601 1299 4660 omnino
1315 4601 1526 4660 Perusinorum
1543 4604 1649 4670 exstet,
1663 4599 1714 4676 qui

227 4699 349 4759 effossos
369 4699 499 4760 tumulos
520 4717 681 4776 eorumque
701 4699 924 4777 dispositionem
946 4700 1001 4762 suh
1029 4698 1130 4758 oeulos
1151 4697 1297 4768 habuerit,
1320 4699 1362 4758 ibi
1387 4705 1448 4758 tam
1471 4697 1555 4773 large
1583 4697 1731 4757 liberali·

228 4804 332 4873 terque
356 4803 531 4874 cryptarum
553 4799 627 4857 situs
654 4815 770 4857 memor
789 4797 877 4858 lineis
900 4797 1068 4873 descripsit,
1090 4803 1122 4855 ut
1142 4813 1231 4873 quam
1262 4795 1306 4855 illi
1330 4797 1425 4856 habeo
1450 4795 1591 4872 gratiam,
1613 4794 1712 4872 palam

229 4895 277 4954 hio
304 4895 405 4954 vorbis
432 4894 630 4972 amplissimis
651 4901 788 4956 testatam
814 4894 972 4955 voluerim.
993 4894 1167 4970 -Operae
1188 4894 1316 4972 pretium
1339 4893 1413 4953 mihi
1443 4893 1563 4952 ridetur
1583 4893 1715 4968 itemque

228 4991 308 5068 grati
329 4991 421 5050 animi
444 4991 597 5062 indicium,
618 5009 655 5050 ex
681 4992 783 5052 multis
805 4991 926 5052 Marotii
942 4991 1051 5050 litteris
1072 4987 1167 5050 essin
1189 4990 1319 5052 medium
1341 4989 1483 5067 prolerre,
1498 4989 1614 5065 quibus,
1630 4989 1714 5048 velut

226 5091 257 5150 in
278 5097 435 5166 angustum
463 5095 565 5149 coacta
593 5091 694 5149 omnia
718 5089 1016 5166 comprehenduntur,
1037 5105 1111 5165 quaa
1139 5095 1348 5166 argumentum
1375 5087 1456 5148 fuere
1477 5087 1610 5148 diutinae
1630 5082 1712 5148 'inter

227 5207 281 5247 nos
301 5187 544 5258 concertationis3
565 5187 720 5267 ipsumque
740 5188 813 5246 dare
832 5187 948 5247 itineris
969 5189 1074 5246 ducem
1096 5184 1183 5265 (adeo
1207 5185 1324 5262 singula
1347 5185 1377 5244 in
1400 5185 1509 5246 litteris
1530 5185 1714 5261 distinguun-

227 5285 290 5366 tur)
311 5285 385 5346 sieni
407 5285 471 5346 loca
492 5303 704 5362 recognoscere
725 5284 826 5346 libeat.

400 5437 418 5478 e
440 5419 581 5496 Perugia,
603 5419 640 5478 14
661 5420 829 5479 Settemirre
851 5418 929 5478 1899
969 5461 1175 5481 .....
1216 5416 1377 5496 leggenda
1397 5419 1472 5477 teste
1499 5417 1547 5476 nel
1568 5414 1712 5476 Giornale

228 5535 246 5576 e
268 5516 416 5578 Arcadico
437 5517 466 5577 di
489 5517 586 5578 Roma
601 5515 641 5596 (¹)
656 5534 694 5578 uu
715 5515 850 5589 articulo,
864 5534 921 5576 ove
941 5517 967 5576 si
988 5522 1056 5578 nota
1074 5533 1092 5576 ι
1111 5516 1143 5574 ic
1163 5516 1279 5593 copiae
1298 5517 1329 5576 la
1350 5513 1495 5575 calabrico
1515 5513 1594 5574 delle
1615 5513 1711 5573 tumbe

227 5633 244 5672 ι
262 5617 419 5693 perupine,
439 5615 492 5674 cire
505 5631 633 5676 renuero
652 5631 730 5691 pure
746 5613 900 5674 ricordute
912 5613 953 5672 du
969 5615 1136 5692 Properate
1151 5615 1324 5692 neil'eiepr'u
1345 5613 1454 5686 XXII,
1471 5632 1487 5673 r
1508 5612 1551 5674 mi
1564 5615 1582 5672 e
1595 5617 1713 5674 tornato

282 5767 311 5820 til
328 5781 339 5803 ι
354 5767 423 5810 Tertio
438 5765 497 5813 XClr
514 5777 564 5820 pag.
581 5765 639 5807 trs.»
