4210 6598
852 672 1064 744 ..59-

212 919 217 925 ·
259 878 328 956 Ad
356 883 444 956 tres
472 906 559 956 vero
587 907 786 958 numerum
814 893 1065 976 transeuntes,
1091 881 1122 958 si
1149 907 1195 957 ex
1221 880 1515 958 Fleieohmanno
1543 908 1698 984 quaera-

198 1047 295 1098 mus
324 1021 426 1126 (uam
454 1023 596 1101 Nobbii
623 1025 970 1126 interpretationem
1005 1024 1276 1126 Hertabergius
1303 1023 1379 1100 iam
1406 1025 1520 1126 plane
1546 1025 1701 1127 refellit).

201 1186 278 1241 eur
307 1192 436 1242 sacer
462 1192 643 1244 numerus
661 1167 733 1244 hoe
751 1166 836 1244 loeo
862 1167 1169 1270 interpretandus
1186 1167 1259 1245 sibi
1274 1167 1323 1244 sit
1341 1168 1458 1266 visua,
1474 1168 1523 1244 ad
1541 1168 1581 1244 id
1599 1195 1697 1269 quae

200 1320 426 1408 sequuntur
452 1307 517 1386 ille
543 1309 665 1385 adfert
691 1307 880 1412 exempla:
1008 1281 1011 1287 ¹

462 1481 627 1606 «Terque
648 1521 751 1590 foeum
773 1521 852 1590 eirea
875 1521 982 1590 leneus
1004 1519 1084 1590 orbis
1106 1523 1167 1589 eat.
1191 1547 1210 1584 s

685 1625 687 1632 '
1318 1611 1421 1696 (Prop.
1445 1611 1500 1678 IV.
1526 1611 1557 1691 6,
1581 1611 1627 1694 6.)

331 1763 334 1766 .
462 1740 482 1778 ι
505 1718 606 1786 Duxit
626 1717 659 1784 in
681 1717 838 1804 obliquam
862 1722 909 1786 ter
930 1719 1053 1787 sinuata
1075 1719 1184 1786 tatem.
1209 1744 1227 1780 s

1339 1807 1397 1891 (Id.
1420 1805 1476 1874 IV.
1502 1809 1533 1888 6,
1556 1808 1626 1892 30.)

463 1936 481 1976 ι
506 1911 626 2000 Terque
648 1933 753 1982 meum
776 1913 881 2001 tetigit
903 1913 1029 1982 sulfuris
1051 1914 1121 2001 igne
1143 1915 1246 1999 eaput.
1271 1939 1289 1975 ι

1337 2002 1398 2088 (ld.
1421 2003 1476 2068 IV.
1500 2005 1532 2084 8,
1556 2003 1625 2089 86.)

462 2131 481 2171 a
505 2107 567 2176 Ter
589 2128 674 2192 eane,
698 2113 752 2184 ter,
765 2109 856 2177 dietis
877 2109 990 2196 desput
1012 2110 1208 2178 eanninibus.
1230 2135 1250 2172 »
1391 2199 1399 2213 ι

459 2309 478 2347 ι
501 2287 562 2354 illa
584 2307 686 2356 taem
708 2288 793 2374 pueri
815 2289 912 2356 sortes
935 2293 982 2355 ter
1003 2288 1146 2367 sustulit
1169 2287 1217 2354 illi
1352 2199 1430 2284 (Μ’
1454 2199 1481 2264 I'
1504 2201 1535 2279 2'
1560 2199 1626 2282 Μ’)

547 2395 685 2462 Rettulit
706 2415 723 2462 e
747 2396 842 2462 trinis
863 2396 967 2462 omina
988 2399 1071 2462 eertu
1094 2415 1178 2480 puer.
1201 2420 1221 2457 ›

1377 2483 1438 2568 (ld.
1461 2485 1487 2550 Ι.
1512 2487 1532 2550 3
1557 2485 1624 2570 11.)

460 2594 480 2632 ‹
504 2573 574 2658 lpse
595 2571 764 2660 procurari,
787 2593 825 2642 ne
847 2576 970 2658 possent
991 2592 1084 2641 saera
1105 2592 1210 2642 nocere

546 2679 681 2759 Somnia,
706 2683 753 2746 ter
774 2682 881 2747 saneta
903 2679 1110 2748 deveneranda
1132 2679 1225 2747 mola.
1246 2704 1268 2741 a

459 2879 478 2917 ι
502 2856 588 2924 Idem
611 2861 658 2924 ter
680 2856 775 2926 socios
797 2876 874 2944 pura
895 2856 1086 2926 circumtulit
1108 2857 1200 2926 unda.
1222 2882 1242 2919 »
1369 2767 1426 2854 (Id.
1450 2769 1476 2835 I·
1500 2769 1531 2850 δ’
1558 2769 1625 2866 13²)

1235 2963 1339 3052 (Verg.
1363 2965 1432 3030 AEn.
1457 2963 1512 3031 VI.
1536 2965 1625 3048 292.)

263 3149 283 3186 ι
306 3127 350 3191 In
372 3143 516 3212 eorpus
542 3129 762 3206 mortuum,
786 3125 821 3194 si
847 3125 938 3212 quis
963 3123 1184 3206 inciderat,
1209 3130 1292 3193 trae
1317 3126 1460 3212 glebas
1485 3124 1639 3192 inicere

263 3257 283 3294 ‹
307 3231 467 3300 solebat
489 3233 543 3318 (el.
566 3232 692 3313 Becher,
708 3232 819 3302 Gallus
842 3233 888 3301 ed.
911 3233 1041 3314 11.,111.
1065 3235 1144 3314 268;
1168 3233 1392 3319 Dillenburger,
1422 3233 1453 3298 in
1476 3234 1640 3320 comment.

263 3363 283 3401 ι
307 3339 346 3407 ad
368 3339 443 3408 Hor.
467 3341 515 3408 od.
539 3339 565 3407 I.
590 3341 643 3407 28.
667 3359 697 3408 r.
721 3343 763 3408 28
787 3342 849 3427 sq.)
871 3367 890 3404 s
915 3343 957 3428 ()
981 3375 1022 3391 -

260 3536 369 3628 Quae
387 3535 539 3638 quidem
559 3537 590 3612 si
609 3563 696 3614 eum
712 3536 759 3614 iis
777 3537 1025 3633 conferamus,
1041 3537 1181 3639 quibus
1199 3535 1375 3613 Nobbius
1393 3536 1499 3612 nisus
1517 3535 1692 3636 quosdam

203 3678 269 3756 vel
298 3697 438 3781 paucos
470 3678 587 3755 libros
618 3678 893 3780 intellegendos
927 3678 1101 3776 duxerat,
1138 3704 1311 3780 quaeque
1345 3677 1582 3778 Hertzbergii
1615 3704 1695 3752 ver-

202 3788 266 3898 bis
285 3833 323 3898 et
340 3820 657 3918 Fleiselrmanuus
679 3821 803 3898 reicit:
840 3849 858 3894 ι
885 3823 1032 3897 tribue
1067 3823 1215 3896 verbis
1242 3819 1515 3922 significari
1537 3846 1693 3920 pauca

212 3966 399 4058 «verba,
425 3962 937 4066 proverbialiquodem
965 3961 1153 4040 dicendi
1181 3989 1350 4064 genere
1373 3990 1502 4040 usum
1527 3963 1694 4039 dooere

214 4115 558 4184 «communem,
595 4092 741 4165 tribue
777 4089 911 4166 libris
929 4115 1105 4190 paucos
1124 4087 1265 4164 libros
1292 4113 1588 4188 nequaquam
1616 4087 1694 4162 do-

205 4257 325 4308 oere:
359 4228 445 4336 (⁷)r»
484 4259 612 4310 nonne
639 4231 855 4308 huiusmodi
891 4243 1157 4334 argumentum
1194 4229 1235 4306 in
1275 4229 1400 4330 ipsum
1436 4228 1693 4306 Fleisehman·

205 4399 314 4483 num,
343 4374 427 4488 iure
450 4375 616 4476 quodam
653 4385 793 4471 nostro,
821 4385 1034 4476 retorquere
1062 4373 1286 4467 videbimur,
1315 4399 1402 4448 eum
1436 4399 1565 4449 eorum
1592 4387 1692 4450 certe

206 4516 370 4613 nullum,
395 4518 552 4628 quaeis
579 4517 679 4613 tulit,
700 4515 955 4620 exemplorum
991 4517 1032 4594 in
1067 4517 1167 4593 hene
1201 4515 1315 4617 plane
1350 4541 1428 4591 rem
1463 4516 1512 4591 sit
1548 4541 1694 4592 aeeom·

205 4659 430 4736 rnodetunr?
462 4659 574 4752 Quod
610 4659 642 4737 si
678 4661 781 4762 apud
813 4671 956 4736 veteres
992 4659 1152 4760 vulgata
1178 4670 1276 4735 esset
1307 4657 1446 4759 opinio,
1479 4656 1691 4734 Inferorum

204 4773 306 4879 Ileos
334 4804 413 4879 vita
440 4804 582 4880 functis
610 4804 802 4880 sacrifieiis
828 4803 977 4906 piisque
1004 4803 1114 4879 donis
1141 4827 1221 4878 esee
1248 4801 1523 4904 propitiandos,
1540 4799 1691 4879 nullum

206 4957 333 5021 tamen
370 4956 493 5022 exstat
528 4945 809 5040 documentum,
839 4972 972 5048 neque,
1002 4945 1125 5022 dicam
1161 4945 1309 5038 iterum,
1336 4971 1382 5020 ex
1409 4942 1693 5045 suprascriptis

205 5087 385 5190 exemplis
413 5088 451 5164 id
480 5087 609 5190 colligi
636 5088 717 5164 ullo
744 5089 856 5166 modo
884 5100 1020 5191 potest,
1049 5088 1151 5165 hune
1179 5114 1320 5164 morem
1348 5089 1507 5163 ternario
1534 5112 1690 5164 numero

204 5230 321 5307 fuisse
352 5229 584 5308 devinctum.
614 5231 746 5334 Atqui,
775 5233 884 5311 etiam
914 5233 945 5309 si
972 5233 1026 5310 ita
1053 5259 1112 5310 res
1142 5243 1250 5328 esset,
1277 5229 1371 5333 quid
1403 5231 1570 5308 obstaret
1601 5256 1692 5332 quo·

260 5583 308 5663 (1)
330 5586 492 5648 Fleisehm.
513 5586 534 5648 l.
555 5606 582 5648 e.
602 5587 632 5648 11
652 5605 680 5666 p.
701 5586 750 5648 28.

258 5682 307 5761 (2)
330 5680 491 5745 Fleisehm.
512 5685 533 5746 l.
554 5703 581 5746 c.
602 5686 631 5745 11
651 5703 679 5763 p.
701 5685 740 5744 23
762 5685 791 5745 in
813 5691 891 5747 uota.
