4210 6598
965 635 1226 750 '-·ro-

376 881 573 962 hominum
606 884 722 964 falsos
749 885 900 964 habuit:
929 912 1062 966 verum
1095 890 1219 968 omnis
1245 889 1398 993 quidem
1426 890 1627 988 dubitatio,
1656 890 1688 966 si
1721 889 1862 967 studio·

376 1010 456 1086 sius
491 1012 531 1087 in
565 1033 644 1088 rem
676 1007 775 1089 esset
807 1013 1045 1116 inquisitum,
1074 1016 1228 1093 dimidio
1261 1016 1394 1093 saltem
1429 1029 1518 1092 ante
1553 1015 1718 1112 saeculo,
1746 1015 1860 1116 plane

376 1135 465 1212 hinc
493 1161 646 1238 quoque
673 1149 771 1214 esset
797 1139 959 1217 sublata.
979 1137 1021 1244 (¹)
1037 1181 1090 1200 -·
1108 1141 1281 1217 Modicus
1308 1141 1408 1217 enim
1436 1140 1544 1218 collis
1568 1137 1641 1217 snb
1668 1139 1860 1216 radicibus

376 1261 564 1337 montium
590 1262 873 1358 Perusinorum,
902 1263 963 1340 III
990 1262 1083 1340 mill.
1113 1291 1294 1366 passuum
1321 1265 1435 1366 longe
1461 1263 1611 1341 circiter
1635 1292 1660 1340 a
1687 1265 1857 1359 Perusia,

375 1385 572 1486 consurgit
603 1379 655 1490 (ἢ,
682 1411 849 1489 quocum
889 1413 1019 1464 revera
1052 1389 1225 1490 proxima
1242 1388 1448 1483 Umbriae,
1481 1415 1560 1466 uno
1587 1387 1718 1466 Tiberi
1749 1389 1861 1466 inter·

374 1508 484 1607 iecto,
512 1507 690 1612 planities
717 1513 946 1614 contingens
972 1527 1044 1611 est3
1074 1514 1176 1590 unde
1203 1513 1323 1614 siquis
1349 1525 1475 1590 ortum
1502 1511 1593 1590 solis
1620 1514 1859 1616 spectaverit,

374 1634 474 1710 hanc
506 1646 656 1712 tantum
684 1650 889 1712 extremam
922 1637 1091 1716 Umbrae
1117 1637 1282 1739 regionis
1309 1651 1457 1740 partem
1491 1639 1631 1734 videat,
1659 1638 1860 1714 adversum

373 1771 501 1836 autern
524 1758 729 1837 Subasium
756 1773 935 1857 montem,
957 1762 1066 1839 cuius
1094 1761 1194 1838 clivo
1222 1762 1404 1864 oppidum
1423 1763 1591 1838 Asisium
1612 1761 1858 1864 applicatum.

373 1881 460 1958 Hoc
487 1909 575 1961 vero
602 1885 642 1960 in
670 1881 768 1961 colle
793 1886 849 1960 ita
875 1886 1008 1982 multa,
1030 1886 1080 1963 ab
1107 1898 1267 1964 exeunte
1293 1886 1369 1963 iam
1397 1885 1548 1964 saeculo
1574 1885 1723 1984 XVIII,
1756 1913 1860 1988 prae·

374 2008 502 2084 sertim
526 2010 756 2110 sexagesimo
775 2011 825 2086 ab
844 2009 933 2088 hinc
951 2036 1066 2106 anno,
1086 2003 1270 2089 inlicem
1294 2012 1550 2089 vetustissima
1568 2012 1789 2114 prodierunt
1806 2037 1859 2088 se·

372 2132 518 2233 pulcra,
546 2134 645 2210 inter
670 2159 769 2235 quae
795 2135 1011 2237 perinsigne
1038 2133 1136 2213 illud
1162 2135 1455 2214 Volumniorum
1485 2137 1787 2232 monumentum,
1815 2143 1860 2213 ut'

374 2257 473 2334 nulli
490 2285 643 2360 prorsus
661 2261 922 2338 cunctandum
941 2261 1115 2338 videatur
1132 2261 1239 2364 quin,
1262 2287 1379 2364 usque
1397 2287 1421 2338 a
1439 2262 1617 2338 Perusiae
1633 2261 1856 2364 primordiis,

373 2383 579 2484 pubblicus
605 2384 639 2460 is
665 2383 773 2462 locus
799 2386 999 2463 funeribus
1024 2383 1138 2463 hierio
1164 2387 1387 2464 destinatus
1412 2385 1498 2478 Quo
1525 2387 1679 2489 quidem
1705 2385 1858 2463 minime

373 2536 397 2586 a
424 2533 514 2586 vero
540 2508 740 2586 abhorrere
764 2509 915 2586 videtur
941 2535 1074 2587 omnes
1098 2511 1296 2614 utriusque
1322 2512 1441 2614 partis
1461 2511 1600 2588 milites
1626 2510 1728 2588 bello
1755 2509 1859 2588 civili

373 2659 502 2711 caesos
529 2634 674 2712 delatos
701 2635 827 2730 fuisse,
856 2636 910 2710 ita
937 2658 1028 2712 sane
1055 2648 1099 2712 ut
1126 2647 1404 2738 peropportune
1435 2636 1482 2713 de
1508 2637 1555 2713 iis
1585 2636 1727 2712 mentio
1754 2637 1861 2713 tieret

372 2786 395 2836 a
431 2759 639 2863 Properti0,
667 2771 776 2836 tanta
810 2759 1006 2836 etiamtum
1037 2761 1078 2836 in
1112 2763 1291 2838 memoria
1322 2761 1492 2838 omnium
1525 2760 1702 2838 haerente
1736 2761 1854 2858 clade,

372 2883 534 2961 maxime
568 2911 656 2961 vero
690 2912 778 2962 curm
811 2885 1057 2986 praecipuum
1088 2913 1134 2961 ex
1167 2911 1210 2962 eo
1245 2884 1345 2962 bello
1379 2885 1545 2963 dolorem
1578 2913 1618 2962 se
1649 2888 1857 2989 percepisse

372 3015 483 3111 poeta
511 3009 685 3105 fateatur,
714 3012 817 3112 quod
852 3010 911 3087 sui
938 3010 1139 3113 propinqui
1171 3010 1301 3087 militis
1335 3012 1475 3114 quiex
1508 3011 1681 3089 hostibus
1711 3013 1858 3116 integer

373 3133 553 3212 evasisset
578 3145 618 3210 at
648 3137 776 3236 ipuotis
802 3133 891 3211 inde
920 3137 1087 3212 manibus
1114 3161 1227 3237 super
1253 3135 1426 3212 Etruscis
1457 3136 1652 3214 montibus
1678 3149 1776 3214 esset
1802 3138 1857 3214 in-

425 3917 473 3999 (t)
495 3918 575 3981 Infra
596 3919 716 3998 scriptis
737 3919 884 3996 exemplis
905 3917 1003 3996 primo
1022 3893 1126 3979 obtutu
1147 3919 1220 3979 olim
1243 3917 1348 3980 salense

662 4105 753 4165 Troia
776 4104 885 4186 (netas)
907 4121 1064 4166 commuue
1082 4107 1257 4184 sepulcrum
1278 4107 1369 4167 Asiae
1390 4103 1591 4184 Europaeque,

700 4205 792 4264 Troia
815 4205 913 4265 virum
935 4211 965 4264 et
985 4205 1131 4264 virtutum
1153 4205 1287 4265 omnium
1308 4207 1415 4266 acerba
1436 4205 1512 4264 cinis

1483 4299 1605 4384 (carru.
1627 4323 1653 4365 ο.
1673 4303 1723 4378 aa,
1744 4303 1797 4384 oo)

660 4433 740 4496 Nam
761 4437 875 4513 quotIes
898 4435 1042 4496 Mutinam
1064 4442 1117 4496 aut
1135 4436 1236 4498 cicilrb
1258 4436 1345 4496 bustu
1366 4436 1532 4516 Philippos,

700 4537 762 4595 Aut
782 4551 919 4594 canerem
941 4540 997 4594 etc.
1494 4535 1599 4617 (Prop.
1621 4537 1659 4597 11.
1682 4537 1709 4609 1,
1729 4537 1798 4615 27)ε

369 4721 464 4782 levius
485 4739 548 4782 rem
570 4723 729 4800 attingens,
750 4730 818 4780 cum
841 4721 989 4798 plerisque
1010 4739 1066 4782 nou
1087 4721 1177 4782 aliter
1199 4721 1407 4799 interpretatus
1421 4739 1505 4782 eram
1525 4741 1561 4782 ao
1578 4723 1604 4782 si
1621 4730 1704 4800 poeta
1726 4721 1852 4783 dixisset

366 4821 500 4882 Perusia
518 4821 839 4899 putrbrorcpulrrum,
854 4820 902 4879 vel
923 4821 1026 4879 cicilia
1048 4821 1135 4879 burm
1156 4816 1298 4881 Perusia.
1313 4819 1426 4878 Verum
1448 4821 1526 4880 inter
1548 4821 1602 4880 hoe
1624 4820 1734 4898 illaque
1754 4839 1853 4880 exem·

368 4919 418 4997 pla
438 4919 572 4979 nonnihil
587 4919 729 4979 interesse
750 4917 878 4990 videtur,
892 4918 968 4994 quod
981 4917 1028 4977 hic
1046 4917 1196 4978 adiectivo
1216 4917 1448 4994 reassumere,
1464 4934 1557 4994 neque
1571 4918 1709 4979 dubitare
1723 4920 1853 4996 potuerit

368 5016 439 5093 quin
460 5017 616 5076 Perusiam
635 5015 837 5077 clarissimam
860 5017 963 5076 urbem
978 5013 1033 5092 (st
1045 5012 1100 5073 tibi
1113 5023 1186 5074 suut
1199 5022 1271 5073 nota
1285 5013 1356 5092 etc.)
1374 5015 1519 5075 lectorum
1534 5015 1689 5091 quisquam
1706 5024 1850 5086 nosceret,

366 5115 474 5174 nedum
496 5113 601 5173 'Iullus
623 5121 743 5192 praetor
763 5129 850 5190 quem
872 5129 996 5190 peregre
1017 5120 1157 5190 perpetuo
1177 5113 1334 5172 abeuntem
1359 5121 1443 5192 poeta
1465 5114 1550 5173 nohis
1571 5109 1789 5173 a'lias'exhibet
1810 5112 1849 5195 (1.

367 5212 555 5291 o·111.22).

421 5311 468 5393 (2)
490 5332 508 5373 e
530 5313 577 5374 Un
599 5322 680 5375 certo
704 5315 804 5392 sperio
825 5310 854 5372 di
876 5318 994 5371 terreno
1014 5309 1091 5369 fuori
1123 5309 1200 5369 della
1223 5317 1306 5388 porta
1328 5309 1358 5370 di
1380 5310 1410 5370 S.
1427 5311 1529 5371 Pietro
1549 5309 1678 5370 distante
1692 5309 1772 5370 circa
1793 5309 1850 5370 due

366 5431 385 5472 ι
407 5413 512 5491 miglis
539 5412 619 5475 dalla
647 5415 718 5473 uitta
740 5411 779 5472 di
793 5411 932 5488 Peragia‚
953 5410 1063 5474 situato
1083 5407 1128 5468 fra
1150 5409 1179 5467 Ie
1203 5409 1376 5485 parroechia
1396 5410 1564 5469 suburbana
1585 5407 1615 5469 di
1637 5409 1760 5468 Piscille
1781 5427 1797 5468 e
1819 5409 1850 5468 di

366 5531 385 5572 ι
407 5512 500 5572 Piera
520 5511 551 5572 di
572 5511 683 5589 Campo
704 5511 739 5569 ed
754 5510 777 5570 il
792 5510 963 5578 Palazzone
977 5506 1060 5568 Villa
1082 5507 1129 5566 dei
1145 5506 1230 5566 Conti
1251 5506 1391 5584 Baglioni
1412 5513 1501 5566 etc.»
1522 5536 1562 5553 -
1582 5507 1637 5568 (2⁸⁸
1657 5507 1694 5567 G.
1709 5507 1741 5567 C.
1756 5507 1851 5566 Gonu·

365 5627 503 5671 arsuras:
532 5610 575 5670 Di
602 5609 640 5671 G.
663 5611 700 5670 B.
719 5605 991 5683 Vermiglioli‚
1020 5606 1084 5666 Dei
1113 5605 1346 5666 Monumenti
1374 5605 1410 5666 di
1443 5605 1611 5681 Peragia
1643 5612 1799 5665 etrusca
1830 5623 1847 5664 e

365 5727 520 5770 romana
548 5713 622 5769 etc.
644 5707 784 5784 PerugIe,
806 5707 892 5766 1856.
915 5705 950 5765 Ρ.
971 5705 1009 5777 11,
1031 5723 1059 5782 p.
1079 5706 1108 5765 4.
