4210 6598
857 686 1067 758 -79-.

220 898 407 1002 (Nonne
444 923 610 974 verum
641 895 816 998 utique
852 895 968 992 dixi,
1010 895 1248 975 Umbriam
1284 895 1485 996 patriam
1525 893 1566 997 (¹)
1607 893 1703 970 tibi

221 1040 364 1144 essai)
399 1036 520 1144 (²)in
555 1039 660 1136 illa,
702 1039 910 1142 inquom,
952 1039 1171 1118 Umbriae
1211 1050 1362 1140 parte,
1396 1037 1476 1114 ubi
1512 1036 1704 1114 nebulis

222 1209 359 1284 saepe
392 1193 569 1283 operta
599 1180 824 1282 insignis
858 1191 996 1257 rorat
1031 1181 1260 1262 Mevania
1297 1207 1418 1256 cavo
1450 1181 1621 1256 iacens
1657 1181 1704 1256 in

223 1351 402 1428 eampo;
435 1323 839 1420 ubinobilissimi
870 1323 1058 1426 gelidus
1090 1321 1320 1401 Clitumni
1352 1324 1457 1399 fons
1493 1323 1705 1422 elicitum

222 1479 266 1545 et
292 1467 517 1564 Asisium,
547 1468 658 1544 urbs
689 1473 769 1544 tua
799 1465 995 1562 natalis,
1023 1493 1104 1568 per
1129 1466 1303 1568 gradus
1327 1466 1377 1542 in
1405 1465 1572 1543 collem
1600 1494 1706 1543 con·

223 1638 302 1688 sur
341 1611 396 1688 it.
424 1611 510 1688 Ele.
540 1656 592 1667 -
695 1671 697 1676 .

276 1641 384 1832 Illgotis
406 1755 602 1854 peccatos
628 1749 680 1854 (v.
711 1751 801 1856 121)
835 1764 1087 1856 opponuntur
1117 1765 1237 1828 tenues
1268 1751 1362 1828 iores
1388 1749 1427 1856 (³)
1454 1751 1505 1856 (v.
1537 1751 1637 1858 128),
1666 1752 1706 1830 in

279 2157 326 2239 (1)
347 2159 392 2223 Gi.
418 2159 544 2224 Umbrio
565 2160 694 2223 Romani
709 2160 819 2238 patrio
840 2158 1029 2223 Callimachi.
1101 2214 1103 2220 .

1344 2239 1452 2320 (Peon.
1474 2239 1527 2302 IV.
1548 2239 1576 2313 1,
1597 2241 1651 2320 ot)
1674 2235 1686 2262 “

280 2336 558 2416 (mandamine
581 2337 683 2397 fidenti
710 2344 850 2418 exceptus
872 2355 890 2396 a
915 2337 1074 2415 Propertio
1095 2343 1178 2398 vales
1199 2337 1338 2398 dicendus
1359 2345 1414 2409 est,
1438 2339 1487 2414 qui
1508 2346 1569 2412 tam
1593 2339 1707 2410 multis,

225 2442 382 2512 autequam
402 2436 440 2496 de
452 2453 488 2496 eo
504 2436 662 2496 vaticinari
681 2436 828 2513 coepisset
847 2434 913 2516 (vr.
928 2435 1068 2514 75-134),
1082 2453 1172 2513 seque
1188 2443 1343 2512 artemque
1362 2453 1447 2496 suam
1462 2437 1612 2498 extulerit.
1628 2439 1707 2514 Ergo

224 2541 450 2612 peropportuna,
469 2534 597 2596 Umbria
623 2534 724 2594 statim
746 2535 843 2612 patria
864 2534 929 2594 eius
958 2541 1121 2594 memorata
1142 2533 1188 2614 (r.
1210 2531 1293 2612 121),
1314 2535 1510 2611 interrogatio
1531 2535 1602 2594 haec
1626 2536 1708 2596 vatis

228 2634 347 2694 videtur
362 2659 377 2692 c
392 2633 539 2694 Mentior?
560 2636 608 2694 An
627 2633 692 2694 stoi
707 2658 733 2706 ι,
754 2633 837 2693 velut
856 2632 1016 2710 gloriantis
1035 2633 1112 2712 apud
1134 2639 1251 2710 postam
1274 2633 1493 2706 mirabundam,
1514 2635 1597 2694 ouius
1617 2633 1706 2696 fldem

227 2731 285 2791 sibi
308 2749 377 2791 mox
394 2732 491 2808 magis
513 2732 666 2809 magisque
683 2731 832 2804 conciliat,
846 2731 928 2792 illius
949 2748 997 2790 res
1014 2731 1107 2791 multo
1127 2731 1285 2791 interiores
1299 2731 1449 2807 gradatim
1471 2738 1622 2808 retegens:
1643 2741 1710 2810 post

232 2827 390 2888 Umbriam
403 2830 587 2902 uniuersum,
602 2829 752 2910 cepionem
768 2829 972 2899 domesticam,
986 2829 1092 2888 uadem
1106 2827 1252 2899 notulam,
1266 2829 1373 2887 domus
1387 2830 1520 2900 ruinam,
1530 2831 1711 2908 primaeque

228 2926 332 2986 strictio
352 2926 587 2988 adulescentiae:
608 2927 677 2988 inda
696 2926 767 3004 quid
794 2926 842 2986 illi
864 2933 1020 2986 venturum
1042 2927 1083 2986 sit
1103 2926 1274 3004 praedicere
1295 2927 1401 3003 pergit.

283 3025 369 3084 Hunc
383 3042 504 3086 versom
519 3024 652 3086 nonnulli
665 3025 731 3086 sins
745 3025 914 3103 parenthesi
928 3011 1071 3098 scribunt,
1085 3041 1175 3100 quarn
1196 3022 1272 3084 alias
1287 3025 1377 3084 etiam
1393 3043 1410 3084 a
1425 3025 1510 3085 nobis
1525 3027 1710 3102 repudiatam

230 3121 279 3182 hic
300 3123 497 3200 reposuimus,
518 3121 739 3201 perspicuitatis
759 3124 868 3200 gratia,
883 3140 957 3200 quae
978 3122 1071 3182 nimia
1093 3123 1124 3181 in
1144 3122 1192 3181 his
1213 3123 1300 3182 rebus
1321 3135 1481 3198 numquam
1503 3123 1636 3183 habenda
1656 3133 1710 3186 est

283 3221 397 3281 Verum
419 3221 522 3293 aliam,
536 3228 654 3298 praeter
670 3223 723 3281 has
744 3223 826 3292 duas,
841 3221 1067 3298 interpungendi
1091 3221 1235 3281 rationem
1258 3233 1309 3280 vv.
1325 3219 1417 3280 tet-6
1438 3238 1559 3298 prorsus
1573 3239 1712 3299 respuere

231 3337 302 3380 sane
322 3321 464 3392 nesciam,
478 3338 553 3396 quae
574 3321 616 3380 ita
637 3337 669 3380 se
688 3320 901 3380 habstracdit.
922 3319 1096 3379 Mentiort.
1110 3327 1230 3387 ..tuoe
1242 3363 1250 3379 .
1262 3320 1376 3380 ..tuot
1395 3342 1421 3380 ι.
1442 3320 1537 3390 Quam
1559 3321 1711 3382 niceteria

231 3418 377 3495 potiorem
399 3417 570 3490 habeamus,
585 3417 695 3478 locutio
712 3419 837 3495 petrice
849 3435 906 3476 oro
927 3416 1033 3476 reterri
1050 3417 1136 3477 debet
1150 3417 1187 3476 ad
1209 3409 1393 3493 insequentes
1414 3435 1528 3486 versus,
1542 3418 1584 3477 ita
1605 3425 1637 3478 ut
1658 3437 1712 3496 pro

226 3523 320 3592 ports
341 3521 455 3575 tantum
470 3515 615 3576 Umbriae
635 3533 670 3575 sa
685 3533 754 3575 osus
774 3520 852 3575 esset
873 3515 1057 3592 Propertius,
1071 3515 1320 3591 quemadmodum
1342 3514 1468 3574 Ovidius
1489 3515 1543 3575 illo
1563 3515 1623 3574 iam
1646 3523 1714 3576 ante

232 3614 382 3691 exscripto
402 3613 468 3673 loco
488 3612 530 3690 (A
541 3631 585 3674 m.
607 3614 645 3673 11.
668 3613 715 3686 16,
737 3611 784 3691 ll:
1629 3599 1632 3604 ¹

563 3729 648 3788 Pors
668 3746 717 3788 mo
737 3729 842 3788 Sulmo
863 3733 942 3788 tenet
963 3728 1101 3805 Paeligni
1123 3729 1214 3788 tertio
1235 3728 1324 3798 ruris,

603 3819 714 3900 Parva,
735 3826 786 3886 sed
808 3826 935 3904 inriguis
955 3844 1011 3886 oro
1033 3825 1162 3886 salubris
1183 3825 1277 3902 aquis.

213 3925 216 3931 ¹
238 3940 357 4002 Dixerit
379 3959 452 4019 ergo
476 3948 573 4005 vates:
596 3961 611 3994 c
632 3941 763 4001 Nonne
787 3959 915 4002 verum
939 3947 1011 4012 est,
1035 3941 1229 4018 regionem
1254 3947 1353 4001 tuam
1384 3942 1650 4015 domesticam,
1675 3944 1713 4003 in

233 4038 407 4111 Umbria,
427 4057 505 4100 eam
528 4057 627 4112 esse,
647 4039 710 4099 ubi
732 4040 808 4100 etet
822 4059 848 4099 s.
862 4040 946 4100 Hanc
963 4045 992 4099 et
1004 4055 1061 4116 ego
1077 4038 1208 4117 profecto
1224 4039 1320 4116 potius
1334 4045 1428 4111 tuear,
1443 4040 1472 4098 ni
1495 4039 1612 4116 longior
1633 4059 1714 4118 prae·

233 4139 318 4214 cipue
339 4138 534 4214 interrogatio
551 4155 600 4198 me
620 4139 763 4212 detineat;
786 4138 917 4198 rnaxime
937 4155 1005 4197 com
1027 4155 1132 4198 versus
1146 4155 1163 4190 c
1178 4137 1325 4196 Mentiorl
1345 4137 1421 4196 etet
1435 4155 1461 4208 ›‚
1477 4139 1507 4198 in
1528 4156 1585 4214 quo
1606 4140 1643 4198 de
1658 4158 1714 4216 pa·

234 4237 298 4294 trio
327 4241 438 4296 tantum
466 4236 500 4296 tit
526 4237 649 4310 mentio,
669 4255 725 4296 noo
751 4236 885 4296 absolute
906 4236 1091 4314 praecedenti
1117 4236 1301 4312 respondeat,
1320 4236 1459 4312 patriam
1480 4236 1571 4313 prius,
1592 4237 1715 4316 clo-mum

234 4331 339 4392 deinde
358 4335 615 4396 commemoranti.
638 4335 716 4394 Pace
735 4342 796 4406 tua,
817 4334 942 4394 candide
961 4335 1078 4406 lector,
1096 4351 1184 4394 unam
1200 4333 1236 4392 de
1251 4334 1364 4406 multis,
1385 4351 1479 4409 neque
1498 4351 1564 4393 eam
1588 4335 1714 4394 maximi

234 4430 328 4490 ferme
350 4434 503 4503 momenti,
523 4433 723 4508 quaestionem
745 4433 918 4494 solvendam
941 4434 997 4493 tibi
1018 4433 1169 4509 liquerim.

288 4527 336 4609 (3)
357 4529 454 4588 Lares
473 4531 551 4592 idem
574 4532 623 4591 hic
642 4537 711 4590 suat
731 4537 818 4608 atque
833 4539 970 4608 penates.
991 4531 1039 4590 Cf:

365 4628 401 4706 n)
428 4628 513 4687 Hanc
533 4629 659 4704 [lunam]
680 4646 736 4705 ego
756 4629 921 4706 suspiciens
939 4635 971 4688 et
990 4629 1028 4688 ab
1048 4628 1104 4693 hac
1124 4626 1271 4704 Capitolia
1291 4645 1425 4698 cernens,

466 4725 547 4796 Quae
569 4734 669 4786 nostro
690 4727 800 4787 frustra
821 4728 919 4787 iuncta
940 4725 1023 4786 isera
1044 4727 1167 4787 lar-i...

400 4881 402 4890 ,
427 4823 483 4883 Illa
505 4827 605 4898 [uxor]
626 4826 716 4884 etiam
738 4831 806 4886 ants
826 4827 909 4884 tores
928 4825 1024 4902 passis
1044 4825 1175 4884 adstrata
1197 4822 1316 4900 capillis

465 4921 597 4997 Contigit
615 4923 762 4984 exsectos
784 4940 835 4982 ore
856 4929 1000 4983 tremente
1021 4922 1111 4994 iocos,
1280 5001 1281 5008 ἵ

426 5019 580 5096 Multaque
600 5020 630 5079 in
651 5020 793 5080 adversm
813 5020 916 5086 effudit
936 5021 1029 5082 verba
1045 5029 1230 5099 maome...
1306 5045 1309 5052 ·

426 5117 465 5177 Se
487 5117 573 5177 modo
593 5120 768 5192 [narratum]
789 5119 920 5178 desertos
942 5119 1029 5179 modo
1049 5119 1251 5197 complorasse
1267 5127 1402 5196 penula.

1043 5215 1113 5294 (ον.
1134 5217 1256 5278 Trist.
1278 5218 1301 5277 1.
1323 5219 1351 5290 3,
1371 5217 1471 5290 29-30,
1492 5218 1590 5292 4345,
1611 5218 1665 5299 95)

357 5311 389 5391 d)
417 5312 455 5374 m
475 5331 600 5391 parvam
621 5312 773 5374 celebrare
792 5313 913 5376 domum
935 5317 1025 5390 [nunc
1043 5318 1122 5390 erat]
1143 5322 1311 5393 ueteresque
1325 5323 1454 5394 penates

467 5411 506 5472 Et
525 5429 600 5489 quae
619 5429 696 5472 nnnc
716 5412 836 5472 domino
856 5429 927 5472 rura
947 5419 1070 5490 paterna
1091 5418 1253 5478 carent...

427 5509 517 5570 Miles
538 5512 587 5570 ubi
608 5511 742 5572 emeritis
764 5528 821 5572 non
841 5516 979 5572 esinatis
1000 5511 1083 5572 utilis
1103 5512 1199 5571 armis

468 5607 556 5668 Ponit
576 5608 614 5671 ad
634 5610 777 5688 antiquos
796 5626 870 5686 quae
891 5609 959 5670 tulit
979 5627 1064 5670 arma
1087 5609 1180 5676 torm,

1096 5704 1164 5785 (Ov.
1186 5707 1308 5770 Trist.
1330 5709 1382 5771 IV.
1405 5709 1433 5782 8,
1454 5709 1536 5782 910,
1557 5709 1664 5788 22·23)
