4210 6598
1001 641 1212 713 ..68-

1075 973 1140 1050 B

1093 1191 1113 1265 I

466 1407 611 1507 Qualis
640 1415 681 1484 et
708 1411 818 1483 unde
845 1427 990 1503 genus,
1018 1407 1090 1504 qui
1116 1407 1200 1482 sint
1227 1405 1343 1495 rnihi,
1370 1401 1501 1494 Tulle,
1527 1405 1719 1492 Penates,

520 1534 694 1632 Quaeris
722 1554 796 1631 pro
823 1540 966 1609 nostra
993 1552 1156 1629 semper
1182 1530 1375 1607 amicitia.

465 1658 510 1734 Si
535 1659 738 1734 Perusina
765 1659 840 1733 tibi
866 1658 1021 1755 patriae
1049 1663 1148 1732 sunt
1174 1663 1274 1733 nota
1303 1657 1502 1752 sepmcra,

518 1783 660 1858 Italiae
687 1783 802 1858 duris
828 1781 974 1858 funera
1001 1781 1269 1878 temporibus,

425 1903 439 1944 ⁵
466 1906 573 1981 Cum
600 1908 789 1984 Romana
817 1928 918 1983 suos
945 1905 1030 2001 egit
1057 1906 1263 1982 discordia
1290 1905 1405 1980 cives

522 2025 606 2133 (Sic
634 2032 738 2105 mihi
764 2031 992 2127 praecipue,
1020 2031 1159 2127 pulvis
1185 2029 1376 2120 Etrusca,
1403 2031 1535 2105 dolor:

466 2154 532 2230 Tu
558 2157 741 2254 proiecta
767 2155 851 2229 mei
877 2175 1071 2252 perpessa
1098 2175 1144 2230 es
1171 2156 1357 2231 membra
1384 2152 1615 2250 propinqui,

518 2280 584 2356 Tu
611 2284 726 2356 nullo
753 2281 895 2355 miseri
921 2280 1110 2375 contegis
1136 2300 1234 2355 ossa
1261 2274 1382 2382 solo),

461 2407 658 2482 Proxima
685 2405 901 2500 supposito
929 2404 1175 2499 contingens
1202 2404 1375 2480 Umbria
1403 2424 1550 2500 campo

411 2527 437 2566 ¹⁰
517 2531 588 2606 Me
616 2529 760 2626 genuit
786 2529 908 2605 terris
932 2527 1077 2604 fertilis
1105 2529 1311 2604 uberibus.

1581 2649 1699 2727 Puer.
1728 2649 1759 2724 Ι.
1790 2651 1838 2724 22

409 3183 499 3260 Tria
530 3183 624 3264 haec
651 3185 784 3260 doeere
811 3182 989 3260 lectorem
1021 3183 1093 3259 sibi
1120 3183 1316 3286 proposuit
1356 3195 1468 3286 poeta
1500 3195 1665 3259 extreme
1692 3180 1738 3258 ei.
1772 3180 1839 3258 lib.

355 3309 389 3384 1:
411 3309 530 3409 petalis
548 3311 623 3408 ipse
642 3335 770 3410 ponere
788 3321 882 3403 esset,
900 3309 996 3384 unde
1014 3311 1090 3384 eius
1104 3335 1218 3407 penus
1236 3323 1330 3402 esset,
1348 3311 1415 3408 qui
1431 3321 1542 3382 essent
1562 3309 1729 3382 Penates:
1749 3307 1786 3382 h.
1807 3333 1838 3382 e.

354 3463 429 3534 qam
452 3449 565 3535 pente,
592 3460 666 3534 qua
692 3459 710 3508 e
737 3435 888 3534 repiene,
916 3460 1060 3534 queque
1087 3439 1126 3507 iri
1154 3435 1242 3508 urbe
1267 3448 1367 3508 ortus
1394 3446 1494 3508 esset:
1521 3433 1624 3533 quod
1652 3459 1741 3508 vero
1769 3459 1840 3508 ser·

353 3585 464 3633 mone
491 3583 671 3659 perquam
707 3583 845 3656 presso,
874 3584 976 3633 more
1004 3583 1084 3651 sue,
1114 3557 1167 3632 ite
1196 3557 1298 3646 facit,
1325 3569 1370 3632 ut
1397 3556 1436 3632 ni
1464 3556 1529 3632 ulii
1562 3556 1681 3657 ipsius
1708 3567 1840 3659 poetae

354 3692 618 3758 succurrerent
634 3680 707 3758 loci
736 3681 825 3757 huic
844 3679 966 3757 iucem
995 3681 1204 3776 efferentes,
1224 3708 1302 3757 non
1329 3681 1383 3756 ita
1401 3680 1514 3784 plane
1541 3693 1609 3756 aut
1626 3681 1702 3756 levi
1729 3706 1842 3782 opera

353 3806 439 3906 quis
466 3805 579 3881 huius
607 3805 786 3906 arriperet
813 3805 1051 3882 seutentiam.

413 3931 545 4006 Umber
571 3930 691 4031 igitur
715 3958 754 4006 se
780 3955 916 4031 genere
939 3931 1152 4031 profitetur;
1181 3956 1227 4006 ex
1254 3956 1298 4006 ea
1326 3957 1413 4007 vero
1437 3944 1545 4030 parte
1561 3931 1745 4008 Umbriae
1767 3931 1841 4007 edi·

354 4068 435 4130 tum
463 4081 560 4156 quae
584 4058 755 4154 proxima
783 4067 880 4130 esset
906 4054 1100 4131 Perusinis
1127 4055 1385 4131 Romanorum
1414 4055 1595 4156 sepulcris
1622 4056 1660 4156 (i.
1680 4085 1712 4132 e.
1739 4056 1840 4132 bello

355 4180 458 4255 civili
485 4181 584 4254 inter
610 4179 822 4255 Antonium
841 4159 892 4254 'et
919 4177 1171 4254 Octavianum
1200 4179 1435 4283 occisorum),
1463 4205 1581 4281 eaque
1613 4181 1765 4256 demum
1799 4181 1838 4257 iu

354 4305 448 4380 urbe
475 4331 573 4404 quac
600 4331 727 4402 campo
754 4305 938 4402 supposito
969 4309 1185 4404 eontinperet
1210 4303 1395 4406 sepulcra,
1422 4301 1505 4381 loco
1523 4305 1647 4408 fertili
1672 4307 1842 4383 uberibus

355 4433 469 4505 terris.
499 4427 539 4533 (¹)

405 4554 496 4630 Tria
528 4553 622 4630 haee
653 4554 782 4629 eadem
817 4551 956 4628 clarius
990 4563 1029 4628 et
1055 4551 1176 4629 fusius
1209 4551 1315 4646 alias,
1343 4565 1388 4628 ut
1423 4553 1580 4656 tempori
1613 4553 1838 4652 videbimus,

407 4980 455 5059 (l)
477 4985 517 5043 At
542 4999 651 5042 vereor
671 4999 707 5042 ne
727 4982 839 5042 nimiae
860 4982 1028 5042 huiusmodi
1051 4981 1323 5058 interpretationem
1346 4980 1522 5041 subtilitatis
1542 4981 1609 5058 quis
1629 4983 1694 5041 iure
1715 4982 1840 5042 insimu-

356 5079 405 5140 let.
421 5080 606 5155 Quamqunm
628 5081 707 5140 enim
729 5079 988 5140 accuratissimum
1002 5135 1005 5142 ,
1020 5079 1052 5138 in
1079 5079 1235 5140 scribendo
1263 5079 1454 5154 Propertium
1472 5097 1563 5155 usque
1584 5079 1733 5152 norimus,
1758 5080 1840 5140 dubi·

352 5178 411 5238 tari
433 5185 533 5236 tamen
548 5179 596 5236 hie
618 5197 702 5254 posse
723 5179 843 5238 videtur
863 5195 933 5236 num
955 5178 992 5236 ad
1013 5177 1131 5252 singula
1151 5194 1226 5253 quae
1247 5177 1345 5253 primo
1367 5193 1455 5236 versu
1474 5183 1562 5252 rogat
1582 5177 1697 5248 Tullus,
1711 5177 1838 5254 singulis

352 5295 368 5334 a
395 5283 479 5352 poete
500 5283 636 5336 extremo
657 5276 784 5336 disticho
805 5291 977 5352 responsum
999 5276 1053 5334 sit:
1074 5291 1161 5350 quem
1184 5275 1281 5351 potius
1301 5275 1461 5351 putandum
1484 5275 1625 5334 estnihil
1647 5277 1689 5334 ibi
1711 5275 1838 5336 fortasse

353 5375 389 5434 de
411 5376 484 5433 urbe
505 5373 568 5450 ipsa
590 5374 682 5432 natali
705 5375 854 5450 tetigisse3
880 5373 954 5432 itanc
977 5373 1076 5450 utique
1097 5374 1135 5432 ob
1156 5389 1287 5444 eausam,
1308 5373 1383 5448 quod
1407 5389 1473 5432 eum
1496 5373 1526 5431 in
1536 5374 1685 5450 proxima
1711 5373 1839 5434 Umbrio

352 5473 441 5532 sitam
463 5481 493 5531 et
513 5472 657 5532 adversus
679 5473 833 5531 Perusina
860 5473 1004 5549 repulere
1024 5477 1205 5548 spectantem
1235 5470 1392 5540 docuisset,
1417 5471 1546 5530 minime
1564 5471 1718 5548 ambigere
1747 5473 1838 5532 deca

352 5577 451 5647 posset
476 5570 583 5630 Tullus
604 5588 671 5630 cum
693 5587 785 5630 unum
811 5577 936 5643 butum,
957 5576 990 5630 ut
1010 5576 1110 5646 postea
1137 5569 1280 5642 dicemus,
1305 5569 1341 5628 de
1362 5569 1489 5630 Umbris
1513 5569 1633 5646 oppidis
1651 5588 1687 5630 ex
1716 5587 1751 5630 eo
1771 5569 1839 5630 loeo

353 5669 580 5746 prospiceretur.
1428 5673 1429 5678 ’
