4210 6598
851 699 1063 773 ..19-2.

214 870 306 947 satis
332 871 550 950 nobis'esse
569 875 731 971 videtur,
758 887 801 952 ut
819 877 1017 979 fallaciam
1043 879 1083 954 in
1112 864 1159 955 el.¹
1182 882 1217 955 1.
1237 879 1303 956 lib.
1323 881 1355 956 1.
1375 881 1532 958 eandem
1561 873 1700 960 habero

214 1014 294 1090 vim
328 1025 540 1092 statuamus
573 1043 618 1094 ac
641 1005 772 1120 sollae
804 1045 905 1118 opas,
933 1021 1013 1096 sive
1046 1047 1137 1120 opas
1165 1021 1226 1098 vel
1262 1050 1324 1098 arr
1349 1023 1523 1125 fallendi,
1550 1017 1699 1102 rectum

214 1180 361 1257 nempe,
394 1169 552 1234 naturae
586 1159 858 1262 hominumque
890 1163 994 1264 leges
1027 1162 1195 1258 fallendi,
1227 1191 1325 1266 quae
1360 1161 1451 1241 sunt
1485 1189 1521 1240 v.
1550 1194 1608 1269 gr.
1640 1169 1699 1270 (ut

214 1298 333 1400 ipsius
360 1301 545 1402 Propertii
572 1303 753 1404 exenrplis
779 1305 978 1408 insistam),
1006 1305 1171 1394 lunam
1199 1307 1463 1405 deducere,
1491 1309 1599 1410 lupi
1627 1337 1699 1386 su-

215 1445 341 1518 mere
374 1441 611 1544 liguram,
644 1447 865 1524 intentos
900 1458 1012 1524 astu
1047 1473 1252 1525 caecare
1287 1451 1516 1549 maritos,
1547 1453 1697 1554 aliaquc‘

212 1582 264 1658 id'
278 1610 412 1685 genus.
442 1581 682 1688 Quapropter
708 1613 874 1665 versum:

552 1823 570 1859 e
592 1800 637 1865 At
660 1819 723 1880 ros,
746 1801 894 1868 deductae
916 1803 1027 1886 quibus
1050 1805 1097 1870 est
1118 1803 1250 1884 sartae
1272 1805 1371 1872 lunae
1386 1833 1404 1868 »

212 2012 267 2087 ita
301 2013 627 2114 interpretandum
655 2043 812 2093 censeo:
842 2063 895 2078 -
926 2019 986 2094 At
1020 2046 1119 2116 vos,
1158 2047 1322 2122 sagae,
1358 2023 1542 2124 quibus
1566 2023 1699 2126 fallare

213 2182 314 2254 opas,
342 2155 443 2231 sive
474 2185 537 2232 ara
559 2157 689 2260 sollae
716 2171 781 2235 est
811 2158 952 2236 lunae
984 2160 1286 2239 deducendae
1314 2207 1366 2221 -
1393 2164 1582 2265 (deductae
1609 2167 1698 2241 scri-

212 2297 288 2398 psit
314 2309 439 2398 poeta,
467 2298 650 2396 adhibito,
680 2313 876 2401 poetarum
911 2330 1025 2399 more,
1053 2305 1253 2406 praeterito
1282 2333 1350 2408 pro
1378 2307 1602 2410 praesente):
1630 2319 1699 2383 aut

212 2442 327 2517 ctiam
345 2467 597 2544 -quarum
617 2443 754 2544 saltere
781 2459 830 2520 eat
855 2446 946 2521 sive
973 2461 1165 2522 excantare
1191 2447 1341 2530 lunam
1370 2449 1625 2526 deducendo
1644 2493 1697 2509 -·

141 2657 144 2664 ⁴
211 2611 301 2660 nam
324 2583 458 2686 fallere
484 2596 524 2662 et
548 2599 744 2662 excantare
769 2587 981 2690 promiscue
1009 2589 1137 2666 eadem
1167 2592 1224 2667 uti
1252 2591 1290 2666 vi
1318 2592 1557 2695 Propertium
1584 2591 1697 2694 plane

212 2752 329 2828 supra
354 2723 565 2804 docuimus.
586 2727 684 2806 Girii
711 2742 839 2806 autem
866 2730 959 2807 haec
986 2743 1044 2808 est
1070 2733 1344 2834 interpretatio:
1374 2779 1427 2793 -
1453 2761 1552 2831 vos,
1581 2736 1697 2811 ario-¹

212 2870 300 2966 lae,
328 2896 452 2972 quae
481 2882 699 2947 vestrum
727 2871 973 2950 auxilium
1000 2888 1223 2975 rogantes
1250 2876 1509 2978 decipitis,
1537 2876 1697 2954 lunam
1779 2921 1781 2926 ·

213 3012 488 3091 adfirmando
516 3015 745 3094 deducere
772 3041 915 3118 posse,
944 3029 1022 3093 aut
1049 3018 1160 3096 alias
1187 3033 1317 3096 antea
1347 3019 1599 3098 deduxisse
1626 3051 1694 3096 -ε

213 3183 328 3257 quam
364 3157 434 3234 etsi
471 3128 625 3234 omnino
658 3185 735 3236 non
772 3159 989 3254 refellimus,
1022 3187 1187 3262 namque
1218 3161 1315 3238 illud
1351 3187 1430 3240 esse
1466 3163 1697 3265 propertiani

212 3300 328 3402 pressi
357 3301 540 3376 sermonis
571 3299 657 3402 quis
685 3300 831 3396 dixerit,
856 3301 967 3402 plura
994 3314 1121 3378 tamen
1152 3330 1233 3379 esse
1264 3329 1352 3380 mox
1383 3304 1596 3381 videbimus
1629 3331 1699 3382 cur

211 3454 380 3520 nostram
415 3469 531 3544 quam
569 3441 668 3520 Girii
709 3443 885 3520 malimus
926 3446 1286 3547 interpretationem.
1323 3434 1697 3551 Prdeterquamquod

212 3586 404 3687 quianon
432 3587 580 3682 viderit,
608 3585 648 3663 in
677 3613 789 3665 versu
816 3589 1046 3690 insequenti:

523 3841 542 3878 ι
565 3818 606 3883 ut
627 3818 713 3884 labor
734 3818 766 3886 in
788 3819 917 3906 magicis
939 3839 1026 3886 sacra
1047 3820 1130 3906 piare
1153 3821 1226 3888 focis
1250 3847 1268 3882 »

213 4014 481 4091 coniunctione
503 4029 644 4090 etcum
671 4015 909 4091 antecedenti
937 4042 1119 4111 connexo,
1140 4045 1177 4092 v.
1197 4017 1301 4093 dabor
1327 4019 1443 4094 verbo
1461 4018 1625 4121 sollercia
1642 4021 1697 4096 ita

214 4157 439 4258 respondere
467 4169 522 4252 ut,
549 4156 600 4233 ad
626 4157 704 4232 vim
732 4183 883 4259 quoque
903 4184 1031 4234 eorum
1059 4159 1162 4259 quod
1190 4159 1338 4258 attinet,
1367 4162 1571 4261 quamdam
1599 4161 1697 4240 inter

212 4327 257 4376 ea
273 4300 509 4376 adfinitatem
536 4300 766 4376 intercedere
784 4299 1004 4376 credamus?
1031 4300 1117 4392 Quo
1144 4302 1297 4404 quidem
1325 4301 1424 4379 Girii
1442 4314 1616 4381 vetamur
1641 4305 1698 4380 in·

213 4443 444 4544 terpretandi
471 4443 629 4519 ratione.

265 4587 318 4662 Iis
344 4613 443 4687 quae
473 4587 521 4663 de
551 4587 711 4666 vocibus
738 4601 771 4663 et
796 4611 841 4663 ac
860 4586 1033 4688 fallacia,
1061 4587 1274 4688 dequibus
1310 4590 1471 4666 maxime
1507 4601 1588 4665 erat
1623 4589 1695 4666 hoc

211 4727 295 4804 loco
322 4729 505 4830 quaestio,
525 4729 600 4804 iam
620 4729 817 4826 absolutis,
838 4730 908 4806 iter
934 4755 1039 4806 nunc
1066 4730 1249 4807 faciamus
1272 4731 1321 4806 ad
1348 4729 1696 4832 interpretationem

212 4871 330 4946 totius
357 4871 443 4946 loci.
471 4869 574 4947 Ante
600 4871 753 4948 Girium
780 4873 855 4948 fere
881 4897 1024 4970 omnes,
1050 4899 1109 4948 res
1137 4872 1268 4973 utique
1295 4873 1394 4948 inter
1421 4899 1460 4948 sc
1487 4874 1696 4950 contrarias

210 5013 271 5088 hic
291 5011 530 5115 Propertium
558 5041 668 5115 sagas
686 5027 725 5090 ot
741 5015 883 5092 amicos
900 5015 1140 5117 adloquendo
1158 5041 1310 5117 rogasse
1329 5017 1401 5093 sibi
1419 5028 1695 5118 persuaserant,

211 5157 429 5256 praesertim
461 5167 675 5259 postquam,
704 5156 991 5234 Hemsterhusio
1022 5171 1187 5256 auctore,
1216 5158 1273 5234 uti
1301 5159 1476 5256 diximus,
1505 5159 1580 5235 alio
1607 5185 1696 5237 cum

210 5297 283 5374 hoc
314 5298 398 5374 loco
425 5299 524 5376 male
555 5299 706 5396 collato,
736 5314 801 5376 act
825 5325 894 5402 pro
921 5315 954 5377 et
978 5301 1019 5377 in
1048 5325 1083 5378 r.
1113 5304 1176 5376 25.
1206 5302 1491 5402 subrogandum
1521 5303 1602 5377 iure
1629 5302 1697 5378 du·

210 5453 360 5518 xerunt.
389 5442 666 5520 Sabbadinium
693 5441 858 5520 vidimus
885 5445 1075 5545 quomodo
1100 5471 1213 5546 quem
1240 5456 1279 5522 et
1304 5445 1337 5520 is
1362 5447 1525 5546 putabat
1551 5446 1695 5522 nodum

210 5583 375 5663 incidere
394 5586 444 5661 sit
461 5611 674 5688 aggressus.
693 5585 747 5661 At
765 5584 873 5663 Girio
901 5587 1015 5663 aliam
1042 5587 1167 5664 visum
1185 5613 1364 5690 quaerere
1389 5589 1507 5664 viam:
1535 5588 1602 5690 qui
1629 5589 1696 5664 mi-

210 5727 312 5810 nime
331 5755 374 5806 ea
397 5729 497 5805 inter
515 5755 555 5806 sc
572 5755 743 5832 pugnare
770 5729 978 5828 contendit,
997 5730 1138 5832 quippe
1164 5732 1268 5833 quod
1295 5732 1526 5833 Propertius,
1554 5731 1696 5806 nedum
