4210 6598
1033 579 1244 654 ..20-

395 757 536 833 auxilia
572 783 595 832 a
631 757 810 833 veneficis
850 755 1029 858 petiisset,
1066 783 1307 858 nequaquam
1346 756 1459 832 fidem
1496 755 1543 831 iis
1582 754 1787 856 adiungere
1825 754 1879 830 ibi

395 901 637 977 declarasset:
666 901 737 977 hoc
774 900 918 977 scilicet
953 910 1102 1002 poetam
1137 901 1208 977 sibi
1245 899 1344 977 velle
1378 899 1522 1002 duplici
1559 925 1603 976 ea
1635 897 1878 994 allocutione,

398 1070 514 1144 qnam
545 1044 600 1120 ita
627 1041 759 1120 Girius
791 1042 985 1145 explanat:
1014 1044 1307 1120 —Tantum
1340 1044 1511 1119 absum
1543 1055 1596 1119 ut
1627 1040 1881 1146 Cynthiae

396 1212 551 1263 amore
588 1187 855 1287 potiturum
891 1213 1111 1286 umquam
1147 1212 1347 1288 sperem,
1384 1198 1435 1262 ut
1467 1187 1504 1262 si
1537 1185 1584 1262 id
1618 1185 1734 1261 mihi
1770 1211 1881 1260 con-

396 1328 582 1430 tingat,
616 1328 764 1406 fidem
797 1327 873 1405 vel
906 1328 1155 1408 veneficis
1187 1329 1272 1406 sim
1303 1329 1585 1420 habiturus,
1616 1327 1801 1429 quibus
1831 1327 1881 1402 in

396 1473 673 1572 praesentia
704 1471 895 1548 minime
927 1471 1096 1549 habeo.
1125 1472 1326 1548 Interim
1358 1484 1570 1548 vestrum
1602 1483 1692 1566 est,
1721 1469 1882 1562 amici,

397 1613 630 1690 auxilium
657 1615 808 1690 amico
836 1613 1006 1690 insano
1034 1615 1156 1690 ferre
1179 1619 1276 1692 etc.
1296 1613 1471 1690 -Neve
1499 1624 1637 1708 autem,
1658 1610 1881 1688 difficultate

397 1756 486 1833 hinc
505 1757 668 1860 dempta,
687 1756 763 1831 alia
781 1767 907 1833 extare
934 1756 1135 1851 rideretur,
1155 1757 1274 1858 siquis
1301 1756 1390 1833 huic
1417 1755 1502 1832 loco
1521 1781 1608 1832 eum
1628 1767 1883 1857 comparasset

397 1925 510 1999 quem
542 1899 870 1976 Hamsterhusium
902 1899 941 1974 in
974 1899 1139 1976 medium
1171 1898 1334 1979 diximus
1365 1896 1540 1978 attulisse
1570 1909 1615 1974 ut
1641 1911 1787 1973 etcum
1818 1909 1885 1970 aut

397 2052 572 2137 mutaret,
592 2067 668 2142 quo
691 2041 776 2117 loco
803 2067 914 2144 sagas
934 2053 972 2118 et
989 2041 1130 2118 amicos
1149 2069 1283 2141 param
1310 2040 1382 2118 sibi
1410 2067 1518 2142 opem
1546 2040 1740 2117 adlaturos
1767 2037 1883 2115 fuisse

396 2182 525 2262 itidem
544 2194 656 2285 poeta
683 2181 848 2284 exponit,
866 2209 954 2284 ergo
982 2181 1185 2261 cavillatur
1203 2182 1261 2287 (ut
1279 2183 1428 2285 proprie
1454 2181 1592 2286 dicam)
1611 2181 1755 2276 Girius,
1774 2179 1884 2284 ¹uelut

400 2325 431 2400 si
448 2325 668 2426 Propertius
693 2351 772 2402 rem
787 2327 984 2428 peroratura
1008 2325 1203 2428 posteriori
1230 2325 1314 2402 loco
1342 2324 1588 2422 adfirmasset,
1608 2351 1740 2402 verum
1768 2322 1883 2425 priori

394 2470 591 2567 proprium
616 2467 769 2543 subdens
796 2467 983 2543 iudicium.
1003 2466 1056 2542 At
1082 2495 1171 2545 vero
1198 2480 1293 2570 quot
1319 2467 1423 2544 vitiis
1449 2467 1709 2545 huiuscemodi
1735 2465 1883 2542 laboret

398 2607 658 2709 interpretatio
685 2607 893 2685 videamus.
920 2609 974 2684 Et
1000 2609 1120 2710 primo
1148 2610 1330 2705 omnium,
1350 2610 1465 2687 verbo
1484 2609 1647 2712 faldzcio
1673 2635 1788 2712 quam
1816 2605 1885 2684 Gi-

399 2752 478 2826 rius
505 2749 577 2827 hoc
603 2749 688 2827 loco
706 2751 883 2828 attribuit
909 2751 998 2847 vim,
1018 2777 1095 2854 qua
1112 2753 1266 2853 quidem
1294 2751 1499 2856 plurimum
1518 2764 1642 2830 cetera
1668 2750 1803 2828 nititur
1828 2749 1886 2825 in·

398 2895 627 2996 terpretatio,
660 2893 773 2971 valde
808 2895 848 2971 in
885 2895 1046 2972 dubium
1079 2922 1234 2974 vocasse
1266 2896 1503 2973 confidimus.
1537 2897 1709 2974 Duorum
1747 2894 1883 2972 deinde

399 3034 569 3113 locorum
595 3064 692 3138 quos
718 3037 817 3112 inter
843 3064 882 3114 se
909 3011 1141 3116 contulimus
1174 3037 1393 3134 similitudo,
1421 3064 1537 3141 quam
1564 3037 1884 3114 absolutissimam

400 3179 534 3254 debere
553 3205 633 3255 esse
651 3177 751 3255 infra
777 3178 1008 3275 docebimus,
1028 3179 1136 3257 nullo
1156 3180 1428 3258 sententiarum
1447 3179 1664 3257 discrimine
1682 3179 1788 3256 iubet
1814 3205 1885 3256 nos

401 3347 464 3396 eos
491 3321 673 3423 accipere.
698 3319 802 3396 ‘Puni
830 3323 861 3400 si
889 3334 1031 3399 ceteros
1056 3324 1241 3425 Propertii
1269 3322 1373 3400 locos
1399 3323 1589 3417 adeamus,
1607 3323 1748 3424 quibus
1776 3347 1886 3398 vene-

400 3465 559 3540 ficarum
585 3464 630 3539 fit
656 3464 809 3559 mentio,
830 3491 958 3541 nonne
985 3466 1112 3566 potius
1139 3466 1370 3543 contrarium
1397 3466 1490 3568 quid
1516 3465 1744 3567 reperiemur
1769 3475 1886 3566 atque

401 3607 448 3680 dc
480 3606 675 3708 Propertio
706 3605 866 3710 (nempe,
895 3618 1024 3684 utrum
1057 3607 1157 3709 sagis
1188 3608 1220 3684 is
1252 3609 1458 3685 confideret
1489 3609 1622 3712 necne)
1654 3607 1786 3685 Girius
1817 3635 1887 3710 pu·

401 3746 518 3823 tarit?
545 3747 716 3839 Quorum
744 3775 864 3825 unum
891 3749 967 3825 huc
995 3749 1182 3827 adducere
1209 3751 1371 3827 sufficiat
1397 3749 1463 3854 (11.
1492 3755 1529 3848 4,
1560 3751 1723 3855 15-16.):

696 4005 715 4039 ‹
738 3981 819 4046 Nam
843 3982 891 4047 cui
914 3999 973 4048 non
996 4001 1052 4066 ego
1075 4001 1144 4048 sum
1169 3982 1272 4050 fallaci
1294 3983 1429 4068 praemia
1452 3983 1541 4050 vati?

762 4103 847 4187 Quae
869 4125 938 4172 mea
960 4126 1018 4172 non
1041 4107 1139 4174 decies
1161 4107 1279 4175 somnia
1302 4110 1403 4175 versat
1425 4111 1526 4175 anus?
1549 4135 1568 4170 2

404 4319 598 4394 Postremo
627 4317 834 4420 particulae
855 4333 897 4414 at,
915 4346 939 4396 a
956 4347 1032 4422 qua
1050 4321 1091 4398 in
1109 4323 1250 4399 amicos
1277 4322 1458 4399 allocutio
1484 4323 1613 4418 initur,
1632 4349 1885 4426 nequaquam,

403 4461 474 4544 hoc
503 4460 636 4537 saltem
664 4460 760 4558 loco,
788 4462 866 4537 vim
894 4462 1062 4562 adverbii
1090 4466 1231 4540 interim
1260 4465 1376 4541 tribui
1403 4491 1512 4567 posse
1537 4465 1740 4542 contendo.

458 4603 532 4680 Sed
558 4604 634 4680 iam
667 4617 725 4679 est
756 4616 917 4705 tempus,
946 4605 1080 4683 alienis
1110 4607 1289 4708 expositis
1320 4609 1528 4704 sententiis,
1558 4622 1706 4686 nostras
1736 4637 1888 4712 quoque

403 4744 503 4854 vires
529 4758 566 4822 et
592 4746 631 4822 in
665 4745 737 4822 hoc
767 4747 938 4849 experiri.
967 4749 1094 4851 Atque
1124 4748 1222 4825 illud
1253 4749 1417 4850 quidem,
1446 4763 1535 4826 anto
1567 4751 1705 4846 omnia,
1734 4751 1888 4830 minime

405 4914 475 4988 ego
502 4889 656 4966 mirarer
683 4889 714 4965 si
741 4917 871 4967 revera
897 4891 937 4967 in
967 4918 1076 4993 sagas
1094 4893 1260 4994 itemque
1287 4893 1327 4970 in
1354 4893 1495 4970 amicos
1514 4892 1763 4970 allocutiones
1790 4896 1889 4971 inter

404 5057 442 5106 se
461 5044 728 5132 repugnarent,
749 5059 836 5110 cum
855 5033 895 5110 id
914 5035 1069 5111 omnino
1096 5036 1226 5112 decere
1245 5036 1337 5112 mibi
1364 5037 1538 5113 videatur
1565 5064 1650 5113 cum
1669 5037 1735 5139 qui
1755 5038 1889 5115 tandiu

355 5263 356 5266 Ἴ
403 5199 529 5250 amore
556 5173 697 5250 infelici
717 5175 766 5250 sit
784 5174 1008 5276 exagitatus,
1031 5179 1192 5254 utnulla
1219 5182 1319 5254 vivat
1343 5180 1502 5272 coasilio,
1529 5178 1754 5257 alterutrum
1780 5181 1891 5257 vehe-
1943 5235 1945 5239 ι

402 5328 548 5391 menter
580 5328 767 5418 expetere3
796 5345 819 5393 a
847 5320 959 5420 sagis,
994 5321 1024 5395 si
1058 5321 1223 5416 valeant,
1244 5333 1301 5397 ut
1331 5323 1383 5418 vi,
1415 5349 1514 5424 quae
1546 5335 1680 5425 sponte
1712 5323 1886 5419 noluerit,
1991 5395 1996 5404 .

404 5457 475 5534 sibi
504 5458 723 5554 concilient,
752 5460 801 5534 ab
829 5462 971 5558 amicis,
997 5473 1041 5538 ut
1068 5491 1194 5541 amore
1219 5491 1332 5567 quem
1360 5491 1579 5567 prosperum
1607 5465 1788 5544 iamnunc
1816 5466 1889 5543 sibi

352 5609 357 5618 '
403 5627 666 5678 successurum
695 5601 876 5703 desperet,
906 5606 944 5680 in
974 5605 1185 5684 libertatern
1214 5607 1390 5686 eximant.
1415 5609 1547 5710 Neque
1573 5608 1700 5686 minus
1727 5621 1815 5713 apte
1843 5610 1886 5700 si,
