4210 6598
854 703 1066 776 -81-

275 905 360 1007 Quo
385 909 557 990 nebulosa
582 920 653 989 ete.
678 909 894 1014 Regionum-
910 913 1072 1016 potuim
1103 911 1143 990 im
1162 911 1324 992 Umbrio
1348 911 1526 990 describit
1543 911 1583 1018 (¹)
1610 913 1699 990 Pro·

218 1051 374 1156 pentius,
400 1055 606 1158 prueeipna
631 1053 712 1133 eina
738 1079 826 1134 curn
853 1053 973 1133 netuli
988 1057 1094 1134 ¹urbe
1120 1055 1321 1134 nominans
1347 1054 1444 1151 locu,
1472 1081 1570 1158 quee
1596 1056 1700 1133 luere

218 1195 396 1273 Mevania
422 1206 461 1274 et
477 1197 570 1302 sorae
599 1193 786 1276 Clitumni.
1454 1197 1459 1210 ’

269 1425 431 1446 m

340 1547 375 1628 b)
392 1551 499 1614 Certus
518 1567 586 1612 erne
605 1549 664 1612 ebu
683 1549 750 1624 ebo,
769 1551 909 1630 quamvis
928 1567 982 1614 nec
1001 1551 1151 1631 canonino
1169 1551 1250 1613 crito

429 1645 549 1710 Nobilis
569 1654 600 1711 et
618 1649 757 1726 quemvis
777 1666 835 1710 non
854 1649 897 1711 ita
917 1647 1003 1710 dives
1022 1665 1101 1712 eras.

1279 1727 1388 1809 (Prior.
1408 1726 1448 1790 11.
1468 1727 1517 1801 24,
1538 1728 1666 1810 3738),

388 1825 498 1903 Aspice
518 1843 577 1898 me,
597 1826 644 1888 cul
665 1843 759 1906 purra
779 1825 861 1888 domi
882 1825 999 1888 lurtum
1020 1825 1126 1888 relicta
1146 1831 1202 1900 ert,

427 1923 537 1986 Nullus
557 1930 588 1987 et
605 1925 734 2004 antiquo
752 1925 858 1986 Morte
876 1925 1045 2003 triumpbue
1065 1925 1117 1986 uvi
1128 1967 1137 1987 .
1150 1967 1179 1986 ..

1313 2002 1372 2084 (ln.
1393 2004 1448 2066 ib.
1467 2003 1517 2075 34,
1536 2001 1644 2084 55-56)

337 2102 369 2182 r)
391 2101 592 2182 splendidum
610 2102 740 2184 equium
760 2103 929 2166 Romanum
950 2103 1011 2164 inm
1039 2102 1210 2164 diximusa
1230 2101 1331 2164 Plinio
1351 2102 1415 2163 lun.
1436 2099 1545 2182 (Epist.
1564 2101 1621 2164 v1.
1641 2099 1694 2182 15)

213 2203 353 2275 verutum
375 2201 557 2262 Passerinum
580 2200 730 2275 Paullum,
749 2219 843 2280 genus
862 2218 881 2262 a
902 2202 1059 2280 Propertio
1079 2201 1245 2263 dueentem.
1394 2225 1398 2234 ·

288 2293 336 2380 (1)
357 2299 467 2360 Totum
487 2299 543 2360 boc
563 2305 609 2360 est
629 2299 780 2378 Propertii
800 2299 935 2361 locorum
955 2315 1048 2376 genus
1068 2297 1342 2360 describendorum.
1361 2298 1412 2358 Cf:

404 2403 406 2408 '
506 2395 619 2474 Ecquid
640 2403 669 2458 te
690 2395 797 2458 modiis
817 2403 992 2470 cessantem,
1012 2395 1151 2474 Cynthia,
1172 2395 1269 2469 liniis,

468 2493 535 2561 ΟΜ
554 2495 633 2556 iacet
651 2495 808 2556 Herculeis
828 2495 935 2556 semita
956 2495 1105 2568 litoribus,

504 2593 544 2654 Et
562 2593 652 2654 modo
671 2593 830 2674 Thesproti
851 2594 1012 2655 mirantem
1032 2594 1151 2655 subdita
1171 2611 1264 2672 regno

465 2689 611 2752 Proxima
631 2689 756 2753 Misenis
775 2707 904 2770 aequore
924 2690 1084 2766 nobilibus,

504 2789 609 2850 Nostri
630 2806 701 2850 cura
721 2790 803 2852 subit
822 2806 971 2852 memores
990 2789 1028 2850 ob
1049 2790 1157 2852 ducere
1178 2789 1299 2851 noctesi

503 2985 574 3048 Nox
594 2985 703 3060 media,
722 2989 754 3046 et
772 2983 911 3047 lominus
931 2983 1007 3046 mibi
1027 2985 1112 3047 venit
1130 2985 1258 3063 epistula
1278 2991 1413 3058 mosbour

468 3081 581 3145 uiuere
600 3101 650 3145 me
670 3083 763 3145 missa
783 3083 872 3144 iussit
890 3084 993 3144 edesse
1014 3099 1109 3156 mora,

503 3181 718 3261 Candidaque
738 3182 873 3259 gemime
893 3182 1051 3244 ostendunt
1070 3179 1202 3242 culmina
1222 3187 1321 3242 turres

464 3278 504 3343 Et
522 3279 603 3342 eadit
623 3279 654 3342 in
674 3279 791 3359 patulos
811 3279 936 3359 lympha
957 3280 1072 3340 Anienn
1092 3279 1186 3342 boue.

401 3537 403 3542 .
430 3535 432 3540 ,
503 3474 628 3537 Clausus
647 3475 686 3536 ab
706 3474 847 3535 umbroso
867 3491 930 3554 pua
949 3471 1027 3536 ludit
1046 3479 1152 3552 pontus
1173 3473 1303 3547 Averno,

462 3570 592 3633 Fumida
612 3569 766 3633 Boiorum
785 3578 891 3650 stagm
912 3571 1037 3650 tepentis
1056 3588 1160 3649 cquae,

505 3669 572 3736 Qua
592 3669 670 3731 iacet
688 3676 720 3731 et
738 3667 848 3732 Troiae
867 3670 985 3731 tubieon
1006 3669 1139 3748 Misenus
1158 3685 1259 3742 amna,

402 3839 406 3850 ¹
462 3767 502 3830 Et
521 3774 607 3830 sonet
626 3767 774 3829 Herculeo
794 3773 907 3830 streete
926 3767 1030 3830 labore
1050 3767 1111 3841 ria,

501 3866 562 3928 Hic
581 3865 634 3928 uli
653 3864 790 3928 mortalis
810 3864 916 3927 dextra
936 3883 1004 3926 eum
1025 3871 1183 3942 quaereret
1202 3865 1303 3940 urbes,

421 4019 425 4028 .
461 3965 609 4044 Cymbala
628 3963 770 4025 'lbebano
788 3981 986 4044 concrepuere
1005 3961 1074 4024 deo:

501 4064 544 4124 At
562 4077 649 4134 nnnc,
669 4059 785 4122 invisae
806 4076 1001 4138 magnorum
1022 4059 1150 4121 crimine
1169 4059 1272 4133 Baiae,

461 4160 535 4233 Quis
554 4160 626 4221 leue
646 4159 677 4220 in
697 4163 799 4220 restra
818 4157 954 4219 constitit
972 4157 1068 4219 boetis
1086 4157 1183 4236 aquai

499 4353 625 4434 Frigida
645 4359 706 4415 tam
729 4353 840 4416 multoe
860 4353 972 4432 placuit
991 4352 1046 4414 tibi
1070 4351 1320 4432 Cyzicenorum,

459 4451 557 4527 Tulle,
577 4451 775 4531 Propontiaca
795 4468 859 4531 quo
878 4448 945 4512 buit
964 4451 1096 4512 Isthmos
1114 4469 1201 4529 aque,

499 4551 668 4630 Dindymus
687 4557 718 4610 et
737 4566 823 4610 secra
843 4547 988 4610 fabricata
1008 4566 1026 4610 e
1045 4549 1109 4610 vite
1128 4550 1258 4628 Cybebe,

459 4649 659 4728 Raptorisque
677 4647 747 4709 tulit
766 4664 829 4727 pun
849 4646 900 4708 eia
920 4645 999 4708 Ditis
1019 4663 1124 4724 equoe;

498 4745 807 4808 Siteforteiurant
844 4785 855 4807 .
895 4787 903 4805 .
943 4785 1054 4806 .1..

1144 4841 1200 4904 lll.
1219 4840 1269 4906 22.
1290 4841 1317 4904 1.

498 4947 676 5010 mannum
694 4948 798 5010 nnnosi
818 4953 905 5010 onim
924 4953 971 5010 est
990 4946 1082 5008 tutelo
1103 4948 1252 5021 dneouis,

458 5046 519 5108 Hic
537 5046 591 5108 aba·
609 5051 672 5107 tam
693 5063 780 5106 rarae
797 5063 856 5107 non
875 5045 955 5124 perit
974 5045 1047 5106 bora
1068 5062 1181 5118 morae,

496 5145 561 5217 Qua
581 5159 667 5205 secer
685 5143 835 5222 abripitur
853 5161 942 5204 coeco
962 5143 1119 5204 descensus
1139 5143 1233 5217 biatu,

457 5243 521 5314 Qua
541 5248 676 5320 penetrat
695 5241 809 5323 (virgo,
829 5240 890 5302 tale
909 5240 968 5302 iter
986 5257 1075 5302 omne
1094 5238 1184 5321 eave)

496 5339 591 5402 Ieiuni
611 5339 757 5419 serpentia
776 5339 880 5412 honos
898 5354 968 5402 coum
988 5337 1097 5417 pebula
1114 5339 1213 5418 poscit

457 5440 562 5500 Annua
582 5445 670 5500 etex
690 5437 752 5500 ima
771 5436 862 5498 sibila
881 5443 999 5514 torquet
1019 5437 1121 5499 bumo.

260 5633 354 5710 Quod,
373 5634 424 5714 qni
451 5635 645 5708 columbum
673 5650 761 5695 nsmo
780 5632 913 5694 omnium
935 5632 1019 5711 price
1043 5632 1314 5703 animadvertisset,
1334 5634 1378 5696 nil
1402 5633 1513 5695 mirum
1534 5633 1687 5696 tamdiua

208 5748 280 5797 vcro
294 5736 382 5815 longe
394 5749 499 5797 omnes
518 5733 655 5796 disemos
674 5731 874 5796 aberravisse.
887 5730 992 5811 Neque
1005 5731 1085 5792 enim
1100 5732 1159 5792 iter
1179 5729 1226 5812 (ut
1239 5732 1413 5812 praecipuas
1429 5732 1687 5812 interpretationes
