4210 6598
876 637 1089 709 ..53-

286 855 829 950 DeKmurn,Bunsunur1s,
850 831 997 926 Minxu
1016 847 1261 949 opinionibus
1282 847 1356 921 iam
1377 855 1434 921 est
1462 844 1619 940 dictum,
1640 870 1728 919 cum

229 999 278 1074 de
307 998 427 1074 altera
455 997 694 1073 Lachmanni
722 994 1053 1096 argumentatione
1081 1002 1268 1092 ageretur.

285 1142 459 1219 Nonnws
484 1151 611 1216 antem
640 1137 679 1242 (l.
701 1137 750 1240 c.)
777 1136 891 1212 aliam
920 1163 1073 1238 prorsus
1101 1135 1202 1208 viem
1231 1142 1396 1229 secutus,
1418 1131 1553 1207 libellos
1580 1157 1658 1206 non
1686 1129 1729 1205 li-

228 1287 321 1361 bros
347 1285 409 1360 hio
437 1283 664 1386 significare,
690 1281 755 1357 sed
784 1279 936 1381 singula
965 1280 1143 1374 coruscho,
1160 1277 1320 1377 probare
1348 1275 1512 1351 studuit:
1541 1274 1631 1349 item
1660 1287 1728 1349 tres

228 1453 309 1502 non
342 1425 516 1502 absolute
544 1423 721 1526 positum,
757 1449 890 1499 verum
919 1420 1115 1498 indefinite
1147 1419 1461 1520 proquibusdam
1495 1417 1555 1494 vel
1575 1420 1724 1517 paucis,

229 1581 275 1645 ut
303 1569 407 1670 apud
435 1567 562 1643 Plaut.
591 1567 670 1642 mil.
685 1566 782 1669 glor.
799 1565 868 1642 IV.
889 1568 924 1642 2.
947 1567 1009 1639 26:
1024 1599 1039 1630 ι
1054 1565 1167 1638 tribus
1195 1563 1311 1636 uerbis
1329 1588 1367 1658 »5
1383 1563 1471 1637 trin.
1486 1561 1556 1638 IV.
1578 1564 1615 1638 2.
1638 1564 1726 1636 121:

238 1740 257 1784 ‹
287 1714 402 1786 trihus
430 1714 545 1786 verbr‘s
572 1709 697 1785 volo»
733 1708 785 1812 ().

287 1854 395 1946 Quae
416 1853 556 1956 opinio,
577 1853 732 1931 dimidio
752 1851 916 1954 amplius
945 1860 1030 1950 post
1049 1849 1214 1943 saecule,
1235 1875 1257 1924 a
1277 1849 1441 1928 Volusio
1469 1847 1509 1952 (l
1530 1847 1590 1952 c),
1619 1846 1728 1924 nulla

228 2010 359 2074 tamen
380 1997 427 2074 dc
444 1997 596 2073 Nobbio
616 1994 808 2072 mentione
827 1994 968 2089 habita,
989 2003 1139 2092 recepta
1159 2003 1226 2088 est,
1246 2019 1479 2093 quamquam
1500 1994 1576 2069 iam
1595 1993 1728 2068 Hertz-

230 2141 388 2242 bergius
416 2166 498 2216 eam
525 2139 726 2215 refelleret.

285 2286 333 2361 In
362 2286 497 2362 horum
519 2283 745 2360 sententiam
773 2283 804 2357 it
830 2281 1159 2358 ansouunuuus
1185 2280 1233 2355 ad
1254 2279 1455 2355 libellorum
1484 2278 1727 2380 significatio-

230 2457 319 2508 nem
352 2429 455 2530 quod
487 2427 636 2518 attinet;
670 2427 873 2501 ternarium
904 2451 992 2501 vero
1026 2450 1238 2519 numerum,
1272 2423 1375 2525 quod
1410 2424 1485 2499 iam
1517 2424 1726 2502 Beroaldus

231 2574 457 2668 coniecerat,
487 2570 626 2648 nostris
653 2582 780 2648 autem
810 2569 1042 2670 temporibus
1070 2569 1292 2646 Butunrrus
1319 2593 1472 2668 quoque
1499 2565 1539 2671 (l.
1563 2568 1611 2671 e.)
1638 2581 1727 2645 ante

231 2716 572 2793 Fleischmannum
601 2713 845 2809 sustinuerat,
865 2711 1129 2812 accipiendum
1147 2711 1225 2786 ¹hoo
1245 2710 1329 2786 loco
1357 2737 1425 2812 pro
1448 2738 1606 2788 numero
1624 2739 1729 2788 sucro

231 2860 415 2938 defendit.

285 3005 361 3082 Sed
388 3004 509 3080 fusius
528 3014 643 3104 atque
671 2997 891 3103 diligentius
911 3001 950 3076 in
980 2999 1079 3076 hanc
1108 3026 1186 3075 rem
1212 3012 1269 3075 est
1295 2999 1578 3100 inquirendum,
1608 3027 1724 3102 quam

232 3160 319 3250 post
359 3147 719 3241 Fleischmennnm,
756 3144 859 3245 quod
893 3144 1033 3239 seiam,
1071 3143 1292 3218 retractavit
1328 3169 1439 3218 nemo
1472 3142 1486 3246 (
1516 3143 1541 3246 ).
1576 3187 1628 3202 -
1665 3144 1727 3219 En

289 3595 335 3676 (1)
357 3596 401 3657 Cf.
422 3597 478 3656 Ov.
500 3595 546 3654 Ex
568 3596 603 3656 P.
625 3595 678 3656 IV.
699 3596 728 3666 3,
749 3593 802 3654 25:

567 3712 599 3772 Si
623 3711 697 3772 mihi
719 3713 808 3770 rebus
829 3728 914 3788 opem
937 3709 1050 3769 nullam
1073 3708 1218 3784 factisque
1238 3706 1364 3778 ferebas

609 3809 748 3870 Venisset
768 3809 865 3868 uerbis
886 3809 989 3868 charta
1011 3815 1111 3868 notata
1133 3807 1240 3866 tribus.

235 3927 372 3986 «Tres»
398 3927 626 3987 indeterminate
648 3926 759 3986 dictum
781 3925 872 3984 etiam
895 3925 1009 3984 Reiecit
1030 3923 1182 3984 contendit
1204 3922 1552 4002 (Properzstudien
1567 3952 1607 3966 -
1625 3921 1727 3982 Wien.

232 4028 316 4088 Stud.
333 4027 386 4085 IX.
409 4025 496 4086 1887.
519 4045 547 4102 p.
564 4025 628 4102 96),
643 4025 795 4102 propriam
819 4041 889 4083 vero
912 4025 936 4082 is
960 4025 1057 4084 libelli
1077 4024 1207 4082 retinens
1229 4021 1417 4087 sententiam.
1440 4021 1571 4098 Ineptias
1592 4037 1663 4080 sano
1684 4038 1729 4078 ce-

231 4126 322 4186 terist
345 4124 428 4185 Solet
448 4125 538 4194 enim,
554 4124 723 4184 istiusmodi
746 4122 953 4192 locutionibus,
972 4140 1083 4199 parvus
1105 4122 1205 4197 utique
1226 4137 1368 4180 numerus
1390 4119 1536 4196 intellegi,
1551 4137 1608 4178 non
1631 4119 1730 4178 minor

234 4231 335 4284 tamen
356 4241 391 4282 eo
412 4224 472 4299 qui,
488 4231 520 4282 ut
542 4222 694 4292 minimus,
711 4227 881 4297 usurpatur.
896 4220 1009 4280 Verum
1033 4227 1102 4291 tres,
1119 4238 1172 4298 pro
1189 4221 1309 4297 paucis
1324 4219 1373 4278 hic
1394 4217 1488 4277 libros
1509 4217 1636 4278 dixisset
1658 4218 1730 4276 Pro·

235 4323 357 4400 portius,
380 4323 479 4381 modio
500 4323 629 4381 nondum
651 4321 748 4380 altero
770 4319 916 4397 perlecto!

291 4420 338 4500 (2)
360 4421 553 4480 Novissimus
585 4419 737 4496 Propertii
768 4418 874 4490 editor,
897 4417 1199 4495 Rothsteiuius(Sex
1222 4419 1313 4494 Prop.
1336 4416 1393 4475 Eli.
1416 4413 1729 4492 voll.11,1898)qui
1762 4459 1766 4468 .

233 4521 376 4580 traditum
392 4519 538 4580 librorum
560 4535 718 4578 numerum
740 4517 886 4588 servavit,
911 4516 992 4576 nulla
1007 4534 1080 4576 vero
1095 4517 1354 4576 Lachmanniauae
1378 4514 1559 4591 quaestionis
1579 4513 1728 4574 mentione

233 4619 322 4688 iacta,
343 4619 512 4677 huiusmodi
535 4619 571 4678 ad
596 4619 672 4676 hunc
694 4616 793 4676 locum
820 4616 1099 4675 commentationem
1123 4617 1257 4692 apponit:
1284 4621 1343 4674 tres
1365 4614 1533 4672 carminum
1560 4611 1653 4670 libros
1677 4610 1728 4688 (ex

233 4718 358 4776 Graecis
380 4717 603 4794 exemplaribus
625 4713 780 4793 delectos),
801 4714 895 4773 veluti
911 4714 1001 4773 totius
1023 4713 1221 4772 bibliothecae
1243 4712 1381 4787 insignia,
1397 4728 1496 4770 secum
1519 4711 1627 4770 ducere
1648 4709 1729 4768 velle

235 4816 296 4877 vita
319 4815 450 4874 sunctum
466 4821 593 4891 poetam,
609 4815 716 4890 quippe
737 4831 804 4872 curn
828 4813 922 4871 moris
943 4818 1021 4871 esset
1034 4812 1111 4889 apud
1134 4817 1250 4869 veteres
1271 4810 1398 4870 condere
1411 4808 1503 4868 simul
1525 4823 1592 4866 cum
1609 4813 1728 4868 mortuo

234 4931 329 4983 arma,
352 4913 500 4983 utensilia,
521 4931 555 4971 ea
581 4913 705 4987 denique
726 4911 832 4988 quihus
854 4912 917 4987 ipse
938 4911 987 4968 vei
1013 4909 1176 4968 delectatus
1197 4909 1296 4979 vivus,
1318 4908 1368 4967 vel
1390 4925 1459 4966 usus
1485 4907 1619 4966 maxime
1639 4913 1728 4966 esset.

235 5013 290 5071 His
312 5012 441 5088 amplius
467 5029 523 5070 non
546 5010 625 5069 vello
647 5009 733 5068 libris
756 5010 898 5068 feretrum
926 5009 1084 5078 cumulari,
1106 5009 1172 5066 sive
1196 5008 1272 5083 quod
1293 5025 1379 5066 sacer
1403 5013 1481 5064 esset
1503 5005 1554 5064 iile
1577 5023 1728 5074 numerus,

234 5111 283 5170 vel
312 5127 357 5181 ne,
379 5111 404 5169 si
430 5111 540 5186 plures,
561 5109 768 5185 amplitudinis
796 5108 905 5184 gratia,
926 5125 958 5166 se
987 5107 1057 5166 libri
1086 5107 1310 5174 comitarentur,
1335 5105 1482 5182 Cynthiae
1510 5105 1612 5175 honos,
1637 5119 1727 5179 quam

235 5210 362 5270 maximi
384 5209 495 5268 faceret
515 5225 662 5285 quamque
686 5224 774 5266 unam
799 5206 991 5283 exequiarum
1015 5206 1155 5264 comitem
1183 5203 1240 5263 sibi
1262 5209 1392 5278 rogaret,
1416 5203 1591 5263 imminutus
1614 5202 1729 5260 videre·

232 5316 292 5369 tur.
305 5340 345 5354 -
359 5309 433 5368 Uiut
453 5315 508 5380 est,
523 5307 666 5384 Vulpium
690 5312 822 5365 nostrum
847 5306 906 5364 iam
924 5305 1055 5364 vidimus
1075 5310 1137 5362 tres
1158 5321 1174 5361 e
1196 5302 1375 5361 bibliotheca
1397 5308 1531 5378 sumptos
1546 5301 1640 5360 libros
1661 5317 1727 5358 esse

234 5407 472 5482 interpretatum,
504 5423 539 5464 eo
560 5412 659 5465 tamen
691 5404 880 5464 Rothsteinio
912 5403 1120 5472 verisimilius
1141 5402 1218 5478 quod
1241 5400 1293 5459 ille
1320 5407 1382 5459 tres
1404 5405 1500 5459 certos
1522 5404 1658 5458 auctores
1680 5415 1729 5456 no·

236 5507 387 5568 minasset.
412 5505 628 5563 Mimnermum
656 5503 874 5562 Callimachum
904 5500 1070 5578 Philetam3
1101 5507 1153 5558 aut
1176 5507 1237 5558 tres
1263 5515 1316 5574 pro
1330 5499 1479 5574 aliquibus
1494 5497 1723 5556 indeterminate

235 5604 346 5664 dictum
369 5608 515 5680 putasset,
537 5601 643 5677 quihus
666 5599 807 5658 feretrum
832 5605 932 5674 poetae
955 5599 1162 5668 instrueretur,
1190 5614 1258 5655 cum
1281 5596 1390 5655 tabulis
1412 5597 1509 5673 pictis
1532 5593 1726 5670 imaginibus,

235 5701 360 5778 aliisque
383 5701 470 5760 multi
492 5701 580 5778 pretii
603 5702 700 5770 rebus,
720 5716 803 5758 ruore
824 5698 963 5769 divitum,
981 5699 1042 5776 ipse
1065 5697 1214 5774 nequiret:
1239 5696 1443 5771 Rothsteinius
1463 5701 1562 5754 eutem
1586 5701 1645 5753 tres
1660 5711 1729 5770 qua·
