4210 6598
1060 667 1272 742 ,32-

424 907 557 958 sumus
584 879 762 974 habituri,
796 905 885 955 nam
916 878 963 956 de
995 878 1042 956 el.
1078 881 1140 957 10.
1173 880 1373 982 separatim
1402 907 1559 983 agemus
1590 906 1679 958 curn
1707 883 1754 959 de
1784 881 1903 960 altera

424 1023 663 1102 Lachmanni
689 1021 1016 1124 argumentatione
1042 1023 1113 1098 erit
1139 1023 1385 1126 propositum.

582 1164 645 1242 El.
676 1169 711 1241 6.
741 1208 793 1223 —

476 1309 637 1411 Signum
672 1307 832 1384 lacunae
866 1306 995 1408 posuit
1029 1306 1302 1408 Lachmannus
1337 1320 1424 1410 post
1457 1337 1494 1385 v.
1524 1311 1601 1405 24,
1629 1308 1718 1386 item
1753 1322 1839 1413 post
1864 1338 1901 1388 v.

423 1456 486 1528 34.
507 1496 559 1511 —
576 1451 730 1545 Verum,
749 1476 866 1550 quam
893 1461 980 1551 apte
1007 1448 1141 1526 harum
1160 1449 1325 1552 partium
1351 1450 1467 1527 aliam
1492 1451 1569 1528 alia
1587 1478 1700 1528 sensu
1727 1452 1901 1554 excipiat,

423 1595 454 1672 si
481 1594 608 1671 minus
634 1593 835 1669 verborum
869 1591 1067 1688 iuncturis,
1097 1603 1140 1670 ut
1166 1592 1280 1670 moris
1306 1619 1386 1670 esse
1413 1593 1598 1696 Propertii
1626 1621 1740 1697 supra
1767 1621 1903 1672 memo-

420 1737 601 1833 ravimus,
620 1735 741 1812 ouivis
767 1733 878 1810 facile
898 1747 1025 1836 patere
1052 1745 1178 1813 certus
1204 1762 1289 1811 sum
1315 1731 1415 1813 hano
1434 1735 1481 1812 cl.
1500 1748 1625 1814 mente
1653 1763 1731 1813 non
1758 1737 1904 1839 praein-

423 1879 549 1958 dicata
574 1878 726 1980 legenti.
746 1875 903 1976 ¹Etenim
930 1888 1130 1980 postquam
1158 1877 1397 1980 Paenelopen
1415 1888 1453 1955 et
1469 1905 1733 1980 quaecumque
1758 1879 1902 1956 maritis

421 2023 534 2100 fidem
567 2031 719 2098 servent
750 2019 925 2096 mulieres
959 2020 1239 2098 commendavit
1271 2032 1394 2123 pocta,
1422 2021 1571 2123 quaerit
1596 2049 1665 2098 cur
1692 2022 1902 2101 Pudicitiae

424 2145 564 2267 templa
590 2173 782 2241 exstructa
799 2163 877 2239 sint
897 2189 985 2240 cum
1011 2163 1174 2264 quodvis
1192 2174 1334 2266 nuptae
1352 2163 1459 2240 nefas
1475 2163 1622 2240 licitum
1650 2165 1722 2242 sibi
1750 2177 1901 2268 putent;

421 2306 645 2404 cuiuevero
672 2305 863 2408 nequitiae
896 2333 1035 2381 morem
1062 2332 1150 2382 mox
1183 2305 1290 2382 ducit
1316 2305 1551 2407 culpandum
1586 2306 1812 2384 domesticos
1839 2335 1902 2410 pa·

419 2454 530 2528 rietes
557 2461 650 2526 tunc
684 2450 861 2550 temporis
888 2448 1060 2524 obscenis
1094 2447 1236 2524 tabulis
1271 2448 1383 2551 pictis
1414 2448 1593 2546 ornandi,
1631 2448 1720 2527 hinc
1756 2450 1901 2528 scilicet

419 2595 594 2671 effectum
614 2602 659 2668 ut
678 2617 816 2668 aranea
841 2591 973 2668 fanum
1000 2590 1147 2685 velarit,
1171 2589 1269 2668 idest
1294 2590 1517 2693 pudicitiam
1544 2591 1694 2694 puellae
1720 2619 1798 2670 nou
1825 2620 1902 2670 am·

419 2737 521 2841 plius
547 2736 689 2834 colant.
717 2734 771 2812 At
796 2733 1003 2837 plurimum
1030 2745 1088 2810 est
1113 2732 1350 2835 disputatum
1376 2733 1424 2811 de
1449 2762 1487 2812 v.
1515 2733 1626 2839 (35.);

736 3011 755 3048 ι
777 2984 836 3054 Sed
859 3002 923 3052 non
940 2984 1082 3052 inmerito
1105 2983 1220 3052 velarit
1241 3002 1352 3051 aranea
1374 2983 1491 3066 buum,
1515 3011 1534 3048 s

418 3265 543 3340 quem,
563 3265 607 3314 eo
625 3235 842 3338 praesertim
869 3234 965 3330 loco,
985 3243 1029 3310 ut
1047 3233 1150 3310 omni
1167 3232 1355 3336 probabili
1374 3211 1487 3310 sensu
1506 3233 1729 3312 destitutum
1748 3236 1903 3313 dumna-

419 3380 477 3458 vit
493 3380 780 3456 Lachmannuet
808 3377 871 3454 oui
898 3375 1105 3453 sententiae
1131 3401 1286 3477 prorsus
1303 3374 1449 3452 cecedit
1475 3376 1631 3453 Kciiius.
1649 3375 1690 3483 (¹)
1716 3379 1902 3454 Burman-

418 3551 500 3621 nus,
519 3520 559 3627 (r)
577 3548 645 3624 pro
672 3548 746 3596 aon
771 3522 946 3614 inmerito,
963 3545 1063 3594 muco
1088 3519 1273 3594 emeritum
1296 3516 1499 3620 legendum
1516 3529 1681 3622 putarat,
1701 3531 1901 3622 totumque

418 3666 490 3742 hoc
517 3662 706 3741 distichon
736 3674 823 3766 post
850 3689 886 3737 v.
916 3665 979 3738 26.
1009 3659 1269 3737 traiciendum.
1302 3661 1485 3738 Brundtio
1512 3658 1552 3764 (³)
1579 3659 1723 3763 dupiioi
1755 3674 1899 3763 puncto

417 3807 647 3885 locutionem
683 3805 746 3881 sed
779 3832 853 3880 noa
888 3804 1051 3880 immerito
1078 3828 1102 3879 a
1129 3813 1253 3880 cetera
1279 3803 1466 3880 sententia
1499 3803 1808 3906 distinguendam
1842 3816 1901 3881 est

418 3951 652 4053 persuasum,
682 3947 942 4026 subaudienti:
975 3945 1189 4023 deflemus
1216 3957 1303 4022 tarn
1330 3955 1560 4048 corruptos
1591 3974 1746 4045 mores,
1775 3947 1900 4025 aliave

417 4094 457 4171 id
483 4120 616 4195 genus.
645 4093 787 4169 Birtius
804 4089 844 4193 (⁴)
862 4117 936 4166 noa
961 4091 1125 4165 inmerito
1152 4115 1220 4190 pro
1247 4102 1338 4164 corte
1364 4089 1509 4166 dietum
1536 4091 1744 4188 contendit,
1770 4091 1900 4193 itaque

420 4247 543 4316 totum
562 4262 714 4314 versum
732 4244 789 4311 est
806 4233 1092 4334 interpretatus:
1121 4231 1196 4309 aed
1222 4247 1339 4308 certe
1365 4231 1437 4308 val
1463 4231 1658 4311 dirutum
1692 4233 1899 4337 templum

418 4379 502 4456 iam
530 4388 611 4455 est.
638 4378 892 4478 Hcrtzbcrqius
918 4401 1007 4452 vero
1024 4403 1099 4450 con
1116 4377 1279 4452 immerito
1306 4401 1393 4452 cum
1416 4401 1515 4451 auno
1542 4378 1705 4452 inmerito
1722 4377 1897 4474 mutavit,

419 4523 481 4600 oui
508 4521 712 4598 assentitur
738 4517 1057 4595 Flcisobmunnm:
1084 4515 1124 4622 (⁵)
1150 4517 1190 4592 hi
1216 4517 1316 4594 enim
1343 4516 1420 4594 duo
1439 4519 1523 4597 VV.
1546 4517 1631 4596 DD.
1660 4519 1763 4596 hunc
1790 4520 1901 4597 hexa-

419 4676 580 4742 metrum
607 4623 847 4766 praecedenti
873 4671 1074 4764 opponunt
1099 4659 1151 4763 (v.
1181 4659 1273 4764 33.):

756 4936 775 4973 ι
798 4911 866 4978 Non
888 4910 957 4978 istis
979 4909 1053 4976 oiim
1075 4907 1236 4977 variabant
1258 4909 1341 4976 tecta
1363 4909 1482 4996 tignum
1507 4935 1524 4972 »

365 5357 368 5364 »
471 5323 520 5405 (1)
540 5326 643 5385 Hans.
664 5325 753 5396 Knm,
774 5325 925 5384 observat.
947 5323 1014 5383 erit.
1035 5321 1108 5382 diss.
1128 5323 1223 5382 Boun.
1246 5322 1333 5382 1843.

471 5421 520 5503 (2)
541 5422 855 5482 Bararus-samm
874 5437 894 5482 a
915 5421 1006 5498 Prop.
1026 5419 1085 5480 ΕΠ.
1105 5437 1125 5480 ›
1149 5419 1234 5486 1780.

470 5517 519 5599 (3)
540 5518 585 5579 Cf.
608 5523 702 5578 nostr.
723 5536 752 5577 n.
771 5519 800 5578 2.
821 5537 850 5595 p.
863 5518 932 5578 314.

471 5615 519 5696 (4)
540 5618 584 5677 Gt.
606 5621 698 5676 nostr.
720 5633 749 5675 u.
771 5616 798 5676 1.
819 5633 846 5694 p.
868 5616 937 5676 314.

471 5714 516 5796 (5)
538 5715 583 5778 Cf.
603 5716 627 5776 I.
648 5733 676 5792 p.
700 5713 799 5775 15-16.
