4210 6598
1002 707 1214 782 ...38-

360 909 591 990 refellantur.
613 958 665 972 -
685 915 777 992 Post
805 925 841 992 v}
866 916 1125 994 taruennam
1153 919 1303 996 notarit
1327 917 1612 1014 Lachmauuus,
1631 942 1744 1020 quem
1772 915 1854 1019 qui·

359 1053 444 1133 dem
473 1054 601 1132 locum
628 1085 697 1159 pro
726 1027 871 1136 virilrus
897 1057 972 1135 iarn
1000 1057 1188 1162 explicare
1213 1057 1342 1138 conati
1368 1085 1516 1138 sumus:
1545 1060 1655 1156 duas,
1675 1070 1762 1162 post
1787 1085 1852 1135 vv.

361 1199 425 1273 24.
459 1199 523 1274 28.
551 1198 715 1276 Keilius.
753 1200 846 1278 Post
883 1228 919 1277 v.
960 1206 1023 1278 16.
1055 1201 1333 1280 discriminavit
1365 1201 1526 1305 elegiam
1561 1199 1851 1296 Lachmanuns3

359 1350 447 1438 post
482 1367 518 1415 v.
549 1342 612 1417 28.
641 1341 799 1439 Bittius3
832 1341 923 1419 item
959 1353 1046 1445 post
1076 1369 1113 1419 v.
1143 1346 1206 1420 26.
1236 1343 1434 1421 littllerus.
1463 1388 1516 1402 -
1542 1342 1732 1444 Equidem
1764 1369 1853 1419 cnm

359 1479 452 1556 haec
479 1508 628 1557 urceum
664 1495 811 1584 reputo,
841 1495 885 1560 nt
911 1510 997 1561 erus
1023 1483 1090 1560 ille
1117 1485 1157 1561 in
1185 1484 1318 1561 fabula
1345 1483 1451 1562 venit
1485 1483 1579 1562 mihi
1606 1485 1644 1560 iu
1674 1495 1851 1578 mentem,

360 1647 460 1718 cum,
489 1624 577 1724 equi
604 1625 793 1726 adopertis
821 1625 954 1714 oculis,
972 1653 1019 1702 ex
1039 1625 1122 1704 lure
1147 1625 1381 1728 quaesiisset,
1410 1636 1497 1703 utro
1515 1626 1548 1702 is
1565 1627 1682 1704 orbus
1708 1624 1854 1701 lumine

360 1775 469 1860 essen
490 1801 504 1831 ι
524 1749 676 1842 dextro
696 1803 710 1832 ·
731 1766 793 1843 hio
820 1767 1030 1870 respondit:
1051 1779 1093 1843 at
1117 1767 1172 1844 illi
1193 1767 1363 1870 neganti,
1385 1803 1400 1834 ι
1419 1767 1617 1862 sinistro,
1646 1765 1844 1844 hercle!-

359 1906 497 2008 inquit.
526 1909 659 2010 Neque
687 1909 865 2010 prudenti
893 1907 1016 2012 plura.

521 2121 583 2196 El.
614 2126 651 2198 9.
712 2109 719 2124 ⁸

411 2265 539 2359 Recte,
573 2291 658 2340 mca
693 2263 847 2366 quidem
884 2265 1084 2362 sententia,
1118 2265 1387 2344 animadvertit
1423 2265 1742 2344 Fleisohmannus
1779 2279 1854 2343 tres

359 2406 399 2480 in
427 2404 499 2483 hac
526 2406 737 2484 dramatica
762 2408 930 2509 quadam
959 2408 997 2483 vi
1024 2420 1063 2484 et
1090 2408 1211 2484 forma
1238 2435 1418 2510 personas
1445 2435 1568 2510 agere,
1597 2435 1733 2512 nempe
1761 2409 1874 2485 Pro--

351 2551 476 2648 pertii,
499 2545 676 2650 Cynthiae
702 2565 742 2626 et
767 2551 914 2627 rivulus
942 2550 1008 2628 sed
1034 2551 1173 2628 mirum
1201 2577 1279 2628 nou
1306 2551 1406 2627 idem
1430 2550 1504 2628 hoc
1531 2578 1619 2628 eum
1646 2550 1786 2628 vidisse
1812 2549 1853 2626 in

359 2690 598 2791 praecedeuti
640 2690 700 2788 el.,
737 2717 904 2793 quacum
942 2703 1019 2768 tum
1060 2705 1166 2769 arcta
1200 2692 1295 2770 haec
1333 2704 1392 2770 est
1431 2693 1661 2795 cognatione
1696 2719 1853 2789 conexa,

359 2833 461 2909 sicut
486 2843 705 2910 ostensuros
731 2859 854 2936 nuper
889 2835 1143 2936 promisimus,
1171 2848 1215 2912 ut
1241 2835 1373 2912 eodem
1400 2835 1569 2936 profecto
1601 2847 1713 2938 partu
1741 2830 1854 2912 natae

360 2973 543 3052 dicendae
570 2975 660 3052 sint.
680 2975 876 3077 Siquidem
897 2959 974 3053 non
994 2976 1118 3054 solnm
1145 3003 1326 3078 personas
1352 2989 1521 3078 agentes,
1540 2977 1607 3054 sed
1626 3003 1684 3054 res
1701 3003 1855 3079 quoque

359 3117 559 3220 utriusque
590 3117 733 3219 elegiae
769 3120 919 3196 easdem
951 3145 1033 3196 esse
1063 3120 1270 3221 eodemque
1305 3143 1425 3220 paene
1456 3119 1588 3195 ordine
1623 3118 1855 3215 videbimus3

360 3271 508 3360 praeter
533 3285 662 3363 quam,
687 3287 774 3338 oum
804 3260 913 3338 initio
941 3260 1200 3363 praecedentis
1227 3261 1275 3336 de
1302 3287 1342 3336 se
1369 3260 1491 3362 magis
1518 3261 1637 3362 egerit
1664 3271 1788 3363 poeta,
1814 3261 1854 3338 in

360 3402 482 3505 prima
508 3402 623 3480 huius
650 3414 758 3505 parte
783 3403 865 3506 (vv.
887 3405 1012 3508 1-32.)
1037 3403 1127 3506 plns
1153 3414 1211 3480 est
1228 3401 1268 3479 iu
1288 3403 1489 3479 tractanda
1506 3402 1657 3506 puellae
1683 3403 1855 3505 perfidia,

359 3555 476 3645 atque
503 3545 660 3622 rivalem
694 3546 902 3622 instantius
929 3558 1055 3648 urget3
1084 3571 1155 3622 uec
1182 3543 1222 3621 id
1249 3543 1331 3621 siue
1362 3569 1490 3640 cansa,
1520 3552 1565 3621 ut
1591 3517 1662 3624 sno
1688 3544 1773 3622 loco
1801 3545 1856 3622 di·

360 3699 479 3766 uetur.
517 3685 706 3782 Ceterum,
743 3686 805 3764 hic
844 3713 999 3790 quoque
1033 3686 1081 3762 de
1116 3686 1255 3762 amoris
1294 3685 1525 3762 inonstantia
1564 3685 1857 3790 philosophatur

360 3840 473 3932 poeta
490 3830 569 3932 (vv.
590 3829 750 3935 33-36.):
780 3831 883 3922 item,
900 3855 1020 3930 aeque
1041 3817 1143 3906 acin
1165 3827 1415 3931 praecedenti,
1435 3803 1639 3930 postquam
1661 3827 1855 3933 Cynthiae

360 3972 573 4074 improbam
600 3973 819 4074 obiurgavit
845 3971 983 4074 agendi
1010 3971 1206 4064 rationem,
1234 3996 1379 4070 suaque
1407 3981 1464 4046 tot
1484 3969 1524 4045 in
1545 3997 1628 4046 eum
1657 3971 1857 4048 benefacta

360 4113 580 4210 obiectavit,
608 4112 662 4189 nil
691 4112 763 4189 sibi
790 4112 926 4214 reliqui
954 4135 1176 4212 essequam
1204 4111 1308 4187 obire
1335 4121 1494 4186 mortem
1522 4112 1663 4188 latetur
1689 4110 1768 4216 (vv.
1790 4116 1856 4187 37-

360 4255 458 4358 40.);
495 4255 606 4332 cuins
641 4255 796 4355 quidem
833 4252 907 4329 loci
935 4253 1053 4347 si„ut
1079 4253 1223 4350 debuit,
1253 4252 1404 4328 initium
1432 4251 1484 4354 (v.
1514 4249 1594 4354 37.)
1620 4279 1708 4328 cum
1746 4252 1856 4329 initio

360 4397 546 4474 Mtlllerus
567 4395 792 4474 contulisset
818 4395 892 4471 loci
920 4394 1053 4470 similia
1080 4395 1131 4498 (v.
1156 4395 1231 4496 17.)
1260 4399 1295 4469 8.
1316 4393 1376 4485 el.,
1396 4419 1475 4469 non
1502 4394 1677 4494 equidem
1705 4394 1758 4471 ibi
1786 4393 1858 4470 ele·

360 4542 463 4643 giam
491 4540 713 4636 diremisset,
742 4566 830 4614 cnm
863 4537 975 4613 simili
1004 4537 1075 4612 hoc
1107 4563 1130 4612 a
1162 4535 1344 4638 superiori
1373 4546 1479 4636 parte
1506 4546 1639 4635 aptum
1677 4535 1858 4612 iunctura

361 4685 423 4778 sit,
453 4710 587 4785 nempe
616 4684 732 4758 verbo
760 4682 882 4783 ἐρίων,
909 4690 1025 4781 atque
1052 4677 1149 4754 illud
1177 4676 1302 4752 verbis
1329 4679 1504 4776 quonium
1531 4679 1599 4752 ista
1627 4679 1694 4754 tibi
1714 4677 1860 4778 placuit

361 4828 546 4903 sententio.
575 4827 681 4902 Hinc
708 4851 809 4918 vero,
837 4821 948 4899 nulla
975 4820 1177 4898 verborum
1204 4843 1388 4918 compage
1414 4817 1477 4921 (cf.
1497 4817 1551 4896 Il.
1577 4823 1613 4914 6,
1643 4825 1707 4896 41.
1736 4859 1799 4880 -·
1821 4823 1856 4907 t,

364 4973 427 5045 19.
447 5013 500 5028 -
522 4971 583 5065 18,
604 4969 681 5072 33),
700 4977 933 5069 quapropter
959 4963 1138 5040 lacunam
1165 4959 1218 5036 ibi
1246 4958 1462 5061 suspicatus
1484 4971 1543 5036 est
1570 4959 1855 5058 Lachmaunus,

361 5110 536 5188 velutin
565 5137 670 5211 spem
701 5109 828 5187 denuo
865 5115 1034 5182 arrectus
1070 5111 1193 5203 poeta,
1222 5100 1272 5176 ad
1299 5098 1508 5204 Cynthium
1544 5100 1697 5203 placato
1728 5103 1858 5180 animo

362 5254 599 5358 supplexque
625 5252 738 5349 redit3
764 5260 805 5326 at
831 5246 963 5325 rivalis
987 5245 1114 5346 imago
1142 5269 1229 5320 cum
1249 5267 1289 5318 se
1308 5269 1395 5320 mox
1422 5243 1699 5344 interponatur,
1719 5245 1858 5320 iterum

361 5402 402 5476 in
430 5425 517 5477 eum
544 5396 786 5499 imprecatur,
812 5391 918 5468 illius
944 5397 1104 5466 mortem
1131 5381 1193 5461 vel
1220 5409 1290 5460 sua
1316 5394 1437 5460 morte
1463 5382 1670 5461 adfirmans
1697 5411 1778 5462 esse
1805 5412 1859 5461 re·

362 5543 605 5644 dempturum
632 5537 711 5642 (vv.
740 5508 904 5638 tter).
932 5532 994 5607 Ita
1020 5524 1341 5632 quemadmodum
1370 5528 1421 5620 8,
1451 5528 1487 5600 9.
1515 5523 1655 5602 desinit
1681 5523 1814 5628 elegia.

362 5687 477 5766 Nunc
504 5711 605 5783 vero,
629 5682 734 5785 quod
761 5678 903 5756 sororio
932 5671 1088 5752 vinculo
1116 5669 1258 5748 arctius
1285 5667 1355 5743 has
1382 5667 1478 5743 duas
1505 5664 1644 5768 elegias
1672 5668 1859 5744 contineri
