4210 6598
1043 675 1253 750 ...22-

403 848 544 926 crebris
571 849 721 950 puellae
747 850 1049 948 infidelitatibus,
1069 877 1301 954 umquamne
1321 852 1371 927 ob
1392 850 1497 928 aliud
1524 851 1573 927 ad
1599 852 1769 953 magicas
1789 861 1889 927 artes

403 991 618 1092 confugisse
638 993 776 1070 fatetur
798 994 1029 1096 Propertius,
1048 995 1121 1072 nisi
1140 1008 1185 1072 ut
1202 995 1296 1098 quid
1313 995 1386 1072 sibi
1402 995 1522 1097 ipsius
1541 993 1684 1072 vellent
1701 994 1890 1071 insomnia

403 1133 558 1210 calleret
586 1135 654 1239 (ΙΙ.
688 1141 725 1228 4,
755 1137 912 1241 15-16.)‚
944 1143 1012 1216 aut
1042 1150 1217 1240 aegrotae
1249 1137 1399 1239 puellae
1429 1136 1645 1214 consuleret
1676 1137 1888 1213 valetudini

404 1274 471 1377 (ΙΙ.
500 1278 563 1372 28,
593 1279 749 1382 35·38.),
769 1291 838 1356 aut
864 1305 990 1356 amore
1016 1280 1158 1357 infelici
1185 1279 1457 1357 resolveretur?
1482 1277 1726 1382 (11.4,7-8.)
1751 1279 1890 1356 Nonne

402 1429 607 1517 praeterea,
636 1421 668 1497 si
695 1432 862 1498 tenorem
894 1423 1076 1500 sermonis
1107 1434 1331 1525 spectemus,
1359 1422 1435 1500 iam
1466 1421 1555 1500 inde
1581 1423 1632 1497 ab
1661 1420 1891 1499 allocutione

405 1557 445 1634 in
480 1585 603 1662 sagas,
635 1562 873 1663 praecedenti
904 1564 1003 1666 parti
1035 1565 1265 1642 contrariam
1300 1563 1478 1642 carminis
1509 1563 1632 1640 inesse
1662 1563 1890 1640 'sententiam

405 1705 643 1781 censebimus
661 1717 814 1808 propter
831 1706 1055 1810 particulam
1076 1721 1116 1784 ot
1130 1709 1181 1786 ab
1199 1706 1308 1784 initio
1329 1706 1584 1802 allocutionis,
1598 1707 1687 1783 item
1707 1707 1757 1782 ob
1775 1707 1893 1782 verba

404 1872 449 1920 en
466 1847 620 1948 egedam
636 1848 703 1950 qui
723 1861 916 1950 tamquam
944 1849 1057 1927 index
1080 1862 1138 1928 est
1155 1851 1245 1928 novi
1264 1877 1288 1928 a
1306 1863 1417 1952 poeta
1444 1850 1572 1927 subito
1599 1849 1748 1926 consilii
1767 1849 1893 1950 capti?

406 1989 482 2066 Sed
508 1991 678 2071 omnium
695 1992 736 2068 in
759 2019 882 2070 meam
909 1994 1135 2070 sententiam
1162 1994 1408 2097 praecipuum
1431 2006 1697 2094 argumentum
1726 2019 1890 2088 versum,

405 2134 446 2209 ni
473 2133 595 2230 fallor,
623 2134 733 2210 illum
761 2145 887 2214 teneo:

744 2388 763 2425 ι
786 2366 827 2432 ut
850 2365 941 2432 facite
963 2365 1019 2433 illa
1042 2385 1109 2432 meo
1132 2367 1249 2452 palleat
1270 2386 1321 2434 orc
1343 2368 1455 2453 magis,
1479 2392 1497 2428 ›

405 2605 495 2680 quo,
514 2579 572 2655 uti
595 2591 723 2680 aperte
741 2580 774 2656 is
792 2593 850 2658 est
875 2583 1103 2660 acrimoniae
1130 2582 1279 2684 plenus,
1306 2582 1400 2683 quid
1427 2581 1533 2658 aliud
1560 2581 1742 2684 expressit
1768 2591 1891 2683 poeta,

406 2749 522 2822 quam
549 2722 751 2800 vehemens
778 2725 818 2800 in
847 2723 1013 2826 puellam
1032 2724 1240 2802 ulciscendi
1260 2751 1298 2802 se
1317 2724 1555 2820 desiderium,
1575 2735 1620 2801 ut
1638 2724 1767 2800 eadem
1795 2748 1894 2824 quae

406 2865 486 2964 ipse
500 2865 716 2966 pertulisset
729 2866 784 2941 illi
799 2879 925 2943 essent
945 2867 1193 2969 perferenda?
1206 2869 1338 2969 Neque
1354 2867 1453 2944 enim
1461 2867 1589 2966 pallor
1602 2865 1794 2970 Cynthiae
1808 2891 1895 2940 eon·

408 3008 555 3108 tigisset
580 3008 620 3113 (¹)
637 3011 667 3084 si
687 3010 906 3110 Propertius
924 3021 1073 3111 praesto
1092 3022 1238 3086 amator
1258 3010 1393 3085 exinde
1411 3011 1451 3084 in
1470 3021 1663 3110 posterum
1682 2998 1716 3082 ei
1742 3006 1889 3084 fuisset:

409 3178 530 3250 neque
549 3163 698 3256 poetam
723 3151 940 3228 huiusmodi
958 3164 1052 3256 puto
1073 3178 1230 3230 usurum
1257 3152 1373 3228 fuisse
1400 3152 1538 3248 verbis,
1558 3151 1589 3228 si
1609 3150 1776 3252 puellam
1794 3175 1894 3225 ama·

408 3294 513 3370 toriis
546 3295 696 3396 philtris
732 3295 805 3372 sibi
841 3323 1058 3398 comparare
1091 3295 1285 3390 voluisset,
1314 3296 1371 3372 uti
1399 3295 1549 3396 plurimi
1578 3295 1892 3397 interpretantur3

409 3451 477 3512 aut
504 3439 618 3514 etiam
645 3465 756 3542 sagas
784 3438 891 3516 velut
916 3437 1098 3516 lacessam
1124 3451 1314 3542 quatenus
1341 3450 1506 3541 possent,
1531 3438 1588 3515 uti
1614 3437 1768 3539 quidem
1795 3434 1894 3512 Girii

409 3581 483 3656 suit
502 3583 701 3658 sententia.
720 3582 830 3659 Adde
847 3584 951 3684 quod
977 3581 1209 3684 Propertius,
1230 3581 1261 3658 ei
1278 3581 1406 3667 animo
1429 3580 1588 3682 proclivi
1616 3591 1714 3656 esset
1731 3579 1772 3656 in
1789 3578 1894 3683 Cyn·

410 3723 528 3798 thiam
556 3751 643 3800 cum
663 3725 762 3802 hanc
790 3726 969 3801 scriberet
995 3723 1166 3826 elegiam,
1187 3750 1351 3826 aequum
1377 3723 1545 3825 profecto
1573 3723 1646 3800 fuit
1673 3722 1722 3798 ad
1745 3749 1829 3798 eam
1854 3721 1896 3800 in

409 3866 484 3942 fine
511 3867 675 3962 rediisse,
709 3867 927 3968 praesertim
962 3895 1049 3944 cum
1086 3866 1207 3943 multa
1241 3867 1282 3942 in
1317 3865 1395 3942 suis
1430 3865 1570 3942 libellis
1606 3865 1699 3940 talia
1732 3863 1897 3966 proferat

411 4009 582 4112 exempla
608 4023 732 4112 poeta.
760 4007 800 4115 (¹)
826 4011 930 4086 Illud
964 4022 1156 4113 praeterea
1190 4009 1464 4085 transeundum
1493 4035 1570 4084 non
1598 4019 1667 4103 est,
1696 4007 1765 4084 rite
1792 4007 1896 4110 apud

411 4165 542 4256 poetas
569 4154 754 4256 elegiacos
782 4154 882 4231 viros
910 4179 987 4230 non
1016 4151 1174 4230 feminas
1209 4151 1365 4255 magieis
1392 4148 1609 4228 ministeriis
1635 4151 1734 4226 affici
1765 4151 1895 4245 solere,

409 4298 449 4373 in
483 4323 581 4398 quos
614 4297 860 4399 praecipuum
891 4323 1068 4398 sagarum
1102 4296 1266 4374 officium
1302 4321 1412 4398 saepe
1445 4295 1611 4372 occurrit
1641 4293 1801 4371 thessalis
1836 4291 1897 4398 (ut

410 4441 560 4518 Horatii
579 4450 666 4516 utar
693 4440 832 4544 verbis)
849 4440 982 4516 solvere
1008 4443 1168 4516 venenis:
1194 4465 1318 4540 neque
1346 4449 1422 4514 tam
1452 4464 1582 4513 verum
1610 4438 1897 4540 legitimumque

409 4585 469 4662 his
504 4585 652 4663 artibus
686 4611 853 4660 amorem
887 4584 1048 4686 petitum
1075 4609 1167 4677 esse,
1200 4607 1316 4682 quam
1345 4580 1405 4656 vel
1434 4581 1653 4657 caecitatem
1685 4591 1897 4656 amatorum

410 4755 458 4805 ne
492 4730 691 4806 cuiusdam
724 4727 950 4804 libidinosae
986 4754 1084 4804 anus
1119 4728 1394 4830 turpitudinem
1429 4725 1654 4822 fastidirent,
1684 4724 1746 4800 vel
1781 4733 1825 4798 ut
1856 4723 1897 4798 in

411 4872 587 4966 furorem,
616 4871 773 4947 ultionis
801 4896 928 4966 causa,
956 4869 1029 4971 ipsi
1056 4881 1303 4946 verterentur.

466 5015 539 5089 His
570 5015 747 5090 omnibus
778 5013 894 5114 igitur
930 5012 1093 5106 statutis,
1127 5011 1208 5088 iure
1243 5012 1408 5114 quodam
1444 5039 1528 5086 meo
1560 5011 1616 5086 uti
1649 5010 1780 5085 videor
1810 5033 1897 5084 cum

421 5197 435 5224 ι
463 5183 614 5236 rarnun
640 5157 826 5234 (lunanum
853 5179 952 5234 vana
979 5180 1002 5232 s
1029 5155 1147 5232 Puer.
1177 5181 1323 5233 nrcruu
1349 5191 1365 5222 ι
1385 5154 1484 5230 hanc
1512 5153 1668 5254 elegiam
1693 5151 1897 5229 inscribere

466 5639 515 5821 idi
536 5640 580 5800 ill.
602 5639 820 5812 {132²}stssOE
841 5738 879 5798 11.
900 5738 928 5812 6,
950 5738 1055 5812 41·42;
1077 5737 1114 5798 ll.
1136 5737 1165 5810 9,
1187 5737 1289 5812 41·52;
1311 5738 1350 5798 ΙΙ.
1373 5736 1419 5810 17,
1442 5737 1539 5812 17·18;
1561 5737 1599 5797 11.
1620 5734 1668 5810 24,
1689 5733 1793 5806 51·5·2;
1807 5737 1863 5792 etc.
