4210 6598
899 711 951 728 ...
980 669 1028 742 39
1051 709 1111 744 .····

255 847 433 942 diximus,
463 873 532 924 nec
559 873 652 923 casu
685 871 754 922 nec
787 844 921 922 leviter
947 846 986 922 id
1015 873 1084 921 nos
1112 846 1316 922 affirmasse
1347 845 1422 922 iam
1455 845 1593 922 viderit
1620 845 1749 942 lector,

257 989 351 1072 adeo
379 989 681 1089 uniuscuiusque
707 997 835 1088 partes
862 986 1037 1088 singulae
1054 985 1226 1089 'singulis
1253 988 1353 1064 inter
1370 1015 1410 1064 se
1428 989 1669 1090 respondent,
1698 989 1753 1064 ita
1790 1051 1792 1054 .

258 1157 350 1210 sane
368 1142 413 1206 ut
432 1141 682 1230 utracumque
710 1128 806 1207 forte
833 1127 1104 1230 per-pleniorem
1130 1127 1271 1205 habeat
1298 1155 1463 1226 sensum,
1491 1129 1616 1206 lucem
1636 1157 1682 1206 ex
1701 1128 1754 1206 ai-

258 1282 339 1349 tera
365 1272 534 1374 profecto
561 1269 735 1373 accipiat.
755 1269 841 1346 Hoc
860 1281 989 1346 autem
1015 1270 1151 1370 nequis
1168 1270 1329 1347 artificio
1356 1271 1522 1372 quodam
1548 1282 1658 1373 putet
1678 1271 1754 1348 fac·

257 1425 354 1510 tum,
382 1414 499 1490 immo
533 1412 781 1515 praecipuum
815 1411 951 1488 exinde
986 1424 1254 1512 argumentum
1288 1412 1403 1489 velim
1440 1425 1578 1510 sumat,
1606 1424 1652 1490 nt
1679 1413 1752 1489 sibi

256 1555 394 1657 probet
408 1521 664 1632 averissimum
698 1553 739 1630 in
773 1579 882 1630 suam
916 1551 1084 1655 puellam
1119 1579 1285 1644 amorem
1320 1553 1561 1655 descripsisse
1596 1555 1754 1657 Proper·

259 1698 373 1776 tium:
400 1697 505 1799 quod
532 1723 609 1772 non
639 1694 762 1772 solum
790 1723 837 1772 ex
864 1694 911 1772 iis
938 1694 1154 1798 dequibus
1181 1693 1323 1798 elegiae
1349 1698 1597 1794 conveniunt,
1620 1725 1752 1775 verum

258 1833 377 1917 exiis
403 1865 557 1941 quoque
592 1839 632 1915 in
666 1837 808 1940 quibus
841 1837 1059 1938 discrepant
1089 1836 1189 1914 inter
1223 1865 1262 1914 se
1297 1839 1555 1950 confirmatur.
1584 1840 1750 1935 Etenim,

258 2007 346 2057 cum
373 2007 508 2058 carens
534 1979 690 2058 omnino
718 2005 832 2057 sensu
860 1991 970 2075 esset,
991 1978 1073 2056 sola
1100 1979 1311 2056 imitatione
1338 1979 1487 2077 ductos,
1516 1981 1593 2060 duo
1621 1982 1751 2058 eadem

260 2123 449 2199 sententia
482 2148 707 2223 componere
737 2120 920 2215 carmina,
949 2119 1059 2200 nullo
1091 2121 1311 2223 praesertim
1346 2121 1512 2200 carmine
1543 2123 1752 2218 interiecto,

260 2264 347 2366 quis
373 2289 452 2341 non
481 2264 597 2341 sentit
614 2274 683 2339 aut
700 2263 822 2340 nescit
847 2262 921 2339 hoc
947 2262 1047 2341 idem
1065 2289 1229 2366 pronum
1258 2264 1517 2365 usitatumque
1542 2265 1643 2342 inter
1668 2291 1755 2367 poe·

261 2415 321 2483 tas
347 2432 440 2503 esse,
466 2432 554 2482 oum
581 2404 782 2482 affectibus
808 2403 905 2480 forte
930 2403 1093 2481 maxime
1120 2403 1198 2480 sint
1225 2404 1385 2506 permoti
1403 2404 1444 2481 in
1463 2431 1583 2507 eoque
1609 2406 1754 2483 diutius

259 2557 441 2624 maneant
463 2546 593 2624 statu?
610 2591 664 2604 —
682 2547 740 2622 De
757 2544 983 2623 infidelitate
1001 2544 1119 2648 igitur
1136 2544 1287 2648 puellae
1304 2546 1442 2622 certior
1458 2547 1596 2625 iterum
1616 2548 1753 2645 factus,

260 2689 329 2766 diu
355 2700 527 2766 tacuerat
545 2687 674 2767 dolore
701 2713 904 2790 oppressus
930 2699 1055 2789 poeta,
1078 2688 1211 2784 donec,
1230 2687 1353 2764 amico
1380 2687 1569 2786 hortante,
1597 2688 1756 2768 humen-

261 2832 366 2908 tibus
393 2829 520 2909 adhuc
547 2829 681 2927 oculis,
700 2829 1000 2933 desperationem
1027 2830 1144 2906 animi
1172 2830 1231 2909 sui
1259 2841 1378 2908 totam
1406 2832 1541 2910 effudit
1565 2833 1607 2910 in
1637 2837 1673 2910 8.
1694 2833 1754 2929 el.,

263 2975 375 3052 euius
387 3001 486 3076 quae
500 2973 549 3050 sit
560 2999 755 3076 quamque
768 2972 1053 3052 accommodata
1068 2973 1251 3050 sermonis
1267 2973 1472 3051 concitatio
1487 2974 1562 3051 iam
1577 2975 1755 3053 vidimus.

262 3115 362 3194 Cam
389 3142 479 3192 vero
497 3115 546 3192 ad
565 3141 649 3195 eam
676 3114 918 3193 scribendam
936 3113 1132 3192 accedenti
1150 3113 1228 3192 duo
1246 3114 1340 3192 haec
1366 3113 1605 3218 potissimum
1624 3143 1759 3219 oppor-

262 3267 357 3336 tune
374 3255 431 3332 iili
450 3267 576 3334 essent
594 3256 635 3334 in
653 3256 782 3333 animo
800 3254 937 3352 defixa,
956 3281 1092 3364 nempe
1109 3254 1183 3334 sibi
1201 3256 1435 3334 consciscere
1458 3255 1644 3362 rivalique
1662 3284 1759 3337 mor·

263 3410 338 3476 tem
357 3397 506 3496 inferre,
525 3398 580 3474 ita
597 3397 785 3487 maximus
805 3396 866 3474 his
882 3397 1007 3512 factus
1034 3405 1092 3474 est
1117 3395 1226 3474 locus
1243 3395 1285 3476 in
1304 3396 1436 3500 elegia,
1467 3397 1598 3500 utique
1619 3401 1758 3502 abrup

263 3540 410 3618 tissima
437 3530 618 3636 oratione,
638 3539 789 3643 utplus
809 3538 882 3617 sibi
908 3567 1025 3642 quam
1052 3538 1199 3616 lecturo
1225 3540 1417 3622 intentum
1444 3539 1604 3620 deceret.
1633 3540 1757 3618 Paulo

265 3710 355 3761 vero
390 3695 489 3787 post,
523 3682 662 3763 sedatis
694 3681 936 3784 aliquantum
971 3680 1089 3758 animi
1124 3681 1306 3778 motibus,
1339 3709 1427 3759 cum
1463 3691 1590 3762 tamen
1624 3683 1755 3764 eadem

263 3853 389 3906 rorum
408 3825 581 3902 condicio
599 3833 847 3926 permaneret,
864 3824 1062 3902 Musarum
1089 3823 1267 3903 solatium
1292 3835 1493 3925 quaestum
1512 3823 1649 3901 iterum
1677 3851 1758 3926 per-

263 3967 323 4070 git
348 3979 472 4070 poeta,
492 3966 699 4068 osribitque
719 3970 755 4044 9.
774 3963 947 4068 elegiam,
974 3991 1073 4067 quae
1099 3965 1185 4043 ideo
1212 3964 1252 4042 in
1279 3964 1352 4047 boo
1379 3975 1532 4042 tantum
1558 3993 1583 4042 a
1608 3992 1757 4067 praece·

202 4127 204 4131 ’
265 4111 371 4188 denti
399 4111 535 4206 differt,
563 4109 668 4212 quod
695 4107 941 4191 remissiorem
969 4107 1167 4210 magisque
1192 4108 1419 4200 continuum
1446 4107 1587 4185 habeat
1613 4109 1755 4206 stilum,

263 4252 503 4355 querelarum
530 4250 618 4354 plus
636 4251 677 4327 in
696 4277 741 4328 ea
758 4251 808 4327 sit
833 4275 950 4352 quam
969 4248 1291 4352 obiurgationum,
1316 4261 1432 4351 atque
1459 4251 1572 4328 etiam
1592 4250 1631 4326 in
1651 4277 1757 4353 spem

264 4420 479 4498 parumper,
508 4418 597 4471 cnm
624 4419 707 4468 eam
734 4377 926 4486 scriberet,
953 4389 1093 4467 adduci
1111 4417 1266 4492 passum
1285 4401 1435 4492 poetam
1459 4389 1674 4468 doceamur.
1703 4436 1757 4454 ·-

265 4535 415 4630 Itidem,
443 4535 484 4612 in
511 4534 675 4636 gratiam
700 4560 790 4614 cum
823 4531 994 4610 rediisset
1020 4558 1109 4611 cum
1142 4530 1325 4636 Cynthia,
1353 4557 1452 4634 quae
1487 4531 1611 4632 prima
1643 4542 1756 4610 nocte

266 4672 1756 4788 summacoliegitgaudia,duobascontinuiselegiisexpressit(11.14et15.)

424 4964 496 5040 En.
529 4963 591 5039 10.
622 4966 684 5037 11.

316 5107 551 5210 Fragmenta
577 5103 670 5182 haec
697 5102 787 5200 duo,
808 5129 887 5180 non
904 5101 1054 5206 integra
1079 5102 1261 5200 carmina,
1289 5102 1443 5205 putavit
1469 5102 1755 5204 Lachmannus;

265 5247 363 5328 illud
390 5249 441 5326 ob
467 5245 695 5350 particulam
713 5245 781 5325 scd
795 5246 846 5326 ab
864 5245 973 5324 initio
999 5246 1175 5349 positam,
1195 5243 1267 5322 hoc
1290 5257 1445 5352 propter
1471 5247 1689 5325 brenitctem.
1705 5292 1758 5308 -

265 5392 374 5485 Quae
399 5389 555 5493 quidem
581 5398 808 5491 argumenta
833 5415 950 5490 quam
969 5387 1047 5464 sint
1064 5388 1216 5466 infirma
1243 5414 1322 5464 non
1349 5388 1463 5466 refert
1488 5388 1625 5467 dicere.
1652 5389 1756 5486 ideo,

265 5532 484 5636 praesertim
511 5530 615 5634 quod
633 5527 683 5608 ab
702 5529 788 5606 aliis
814 5530 890 5605 iam
906 5529 1091 5607 adversus
1118 5555 1163 5605 ea
1181 5528 1339 5630 prolatis
1363 5555 1462 5632 quae
1485 5529 1648 5606 adiciam
1665 5531 1758 5607 mihi

232 5673 233 5677 ’
266 5702 344 5754 non
373 5675 461 5771 sint,
490 5674 594 5752 omni
621 5697 727 5750 mora
754 5671 979 5766 intermissa,
1008 5670 1058 5748 ad
1084 5669 1295 5772 proximam
1323 5669 1371 5750 el.
1400 5697 1614 5775 pergamus.
