4210 6598
1047 581 1261 652 ..64-

402 795 497 872 fides
525 793 668 890 habita,
689 793 927 895 Hertzbergii
956 804 994 870 et
1020 793 1242 870 Baehrentis
1260 793 1410 870 collatis
1437 794 1668 872 editionibus
1686 793 1742 898 (¹);
1764 821 1900 895 neque,

404 936 477 1014 nisi
506 963 668 1038 perraro,
692 936 907 1013 criticorum
937 934 998 1012 vel
1026 935 1213 1012 editorum
1240 936 1491 1014 correctiones
1519 937 1660 1014 relatae
1687 951 1790 1034 sunt,
1819 936 1902 1038 qui-

402 1082 489 1176 bus,
509 1080 541 1157 si
559 1106 691 1156 omnes
710 1106 788 1155 una
806 1078 977 1180 colligas,
998 1077 1126 1156 decern
1152 1105 1280 1156 secum
1298 1078 1555 1183 discrepantes
1578 1081 1794 1183 Propertios
1814 1106 1904 1156 con-

399 1224 512 1300 ficere
534 1250 664 1328 queas.
683 1224 745 1299 Ex
763 1223 914 1299 duabus
932 1223 1106 1325 partibus
1131 1223 1307 1300 tractatio
1326 1234 1489 1300 constat.
1508 1223 1680 1316 Quarum
1698 1223 1819 1300 altera
1837 1223 1902 1327 (A)

402 1394 447 1444 ca
475 1368 690 1445 releruntur
715 1394 815 1469 quae
832 1378 935 1444 certa
962 1368 1034 1444 hac
1053 1394 1167 1470 super
1193 1394 1233 1443 re
1251 1367 1406 1444 omnino
1434 1368 1636 1446 habentur.
1656 1367 1750 1446 Tres
1777 1369 1899 1470 ipsius

405 1520 538 1611 poetae
574 1510 648 1588 loci
684 1509 804 1586 altera
834 1510 895 1614 (B)
918 1509 1180 1607 enucleantur,
1200 1536 1297 1611 quos
1332 1521 1578 1612 quantopere,
1607 1511 1787 1612 quintum
1823 1513 1901 1588 iam

406 1653 613 1750 saeculnm,
627 1652 855 1732 'vexaverint
882 1680 961 1730 non
988 1652 1114 1730 solum
1131 1653 1303 1730 homines
1329 1654 1452 1756 patrio
1473 1681 1599 1730 amore
1626 1655 1746 1752 ducti,
1766 1683 1901 1732 verum

405 1799 549 1902 optima
576 1811 789 1876 exterorum
807 1799 962 1900 ingenia
988 1796 1141 1902 (etenim
1165 1797 1297 1876 nullus
1325 1800 1428 1902 apud
1455 1825 1537 1898 nos,
1558 1811 1636 1876 tam
1663 1799 1781 1902 longo
1809 1811 1903 1877 tem·

403 1941 507 2044 poris
534 1943 668 2044 spatio,
687 1941 947 2044 quaestionem
967 1943 1062 2019 serio
1083 1941 1251 2044 suscepit
1279 1943 1543 2047 tractandam),
1563 1970 1674 2020 nemo
1702 1955 1771 2040 est,
1791 1957 1901 2046 puto,

403 2086 499 2188 quin
526 2086 632 2163 sciat.
653 2086 834 2188 Ingentes
857 2086 1020 2189 denique
1038 2087 1182 2188 gratiae
1200 2085 1277 2164 illis
1303 2087 1396 2164 mihi
1416 2097 1507 2164 sunt
1532 2057 1714 2189 agendae,
1734 2088 1800 2190 qui
1829 2115 1901 2164 sua

403 2231 628 2308 auctoritate
647 2241 686 2308 et
703 2230 970 2308 benevolentia
995 2257 1116 2307 meam
1139 2231 1300 2332 priorem
1320 2231 1483 2333 opellam
1511 2232 1814 2326 cohonestantes,
1835 2232 1902 2310 sti-

402 2373 527 2450 mulos
555 2375 604 2450 ad
632 2375 734 2450 bona
762 2375 889 2451 studia
910 2375 965 2451 ita
991 2375 1084 2450 mihi
1111 2375 1381 2470 adiunxerant,
1404 2375 1439 2451 Ι.
1459 2376 1508 2450 B.
1529 2373 1769 2471 Gandino,
1799 2375 1899 2472 dieo,

403 2517 577 2622 (privatis
604 2517 765 2622 litteris),
784 2519 834 2595 F.
864 2518 1115 2595 Remorino
1143 2518 1196 2622 (in
1226 2521 1268 2595 V.
1294 2521 1402 2595 Urbis
1422 2547 1459 2596 n.
1480 2519 1546 2623 ΙΙ),
1575 2519 1626 2596 L.
1645 2517 1899 2620 Valmaggi

402 2660 457 2766 (in
485 2661 584 2738 Boii.
608 2661 649 2737 di
666 2661 742 2737 Fit.
762 2661 865 2738 class.
886 2688 920 2738 a.
940 2661 1010 2760 VI,
1031 2689 1070 2738 n.
1090 2663 1141 2766 4),
1163 2663 1218 2738 Μ.
1249 2663 1432 2740 Schana
1460 2663 1514 2766 (in
1544 2661 1669 2739 Gcscb.
1698 2661 1763 2738 der
1789 2663 1897 2738 Rene.

402 2805 543 2900 Littcr,
560 2803 648 2880 Vol.
676 2805 843 2880 111899
872 2806 917 2881 Ρ.
937 2805 968 2880 Ι.
989 2831 1026 2906 p.
1049 2806 1151 2910 172),
1181 2803 1236 2882 G.
1265 2807 1447 2908 Tropea
1473 2805 1528 2909 (in
1557 2807 1642 2882 Rev.
1663 2805 1705 2880 di
1728 2801 1784 2882 St.
1804 2807 1898 2880 Am.

403 2960 475 3025 etc.
507 2951 608 3024 1899
640 2976 677 3051 p.
709 2949 812 3056 160),
841 2947 897 3026 G.
931 2950 1208 3026 Mazaatinti
1240 2949 1294 3053 (in
1324 2949 1421 3026 Bell.
1450 2951 1487 3024 d.
1517 2951 1581 3026 R?
1608 2949 1746 3048 Depci.
1775 2949 1817 3022 di
1841 2945 1898 3024 St.

395 3096 610 3194 patriaper
628 3091 823 3186 tUmbaea,
850 3092 927 3169 vol.
954 3092 1004 3169 V.
1032 3121 1071 3196 p.
1102 3092 1204 3196 181),
1234 3090 1289 3169 G.
1319 3091 1560 3169 Mondaini
1587 3090 1686 3195 (Ra.
1715 3091 1758 3168 di
1774 3091 1849 3167 Fit.
1880 3118 1899 3166 e

401 3235 524 3312 dlatr.
544 3235 661 3331 claua,
685 3239 787 3311 1899
808 3237 919 3312 Fasc.
937 3236 989 3340 2.)
1007 3234 1058 3313 G.
1080 3237 1322 3333 Maazoni,
1342 3237 1393 3312 L.
1415 3235 1660 3332 Morandi,
1680 3236 1734 3320 A.
1752 3237 1900 3312 Fran-

402 3379 584 3477 chetti,
612 3379 694 3455 Fr.
724 3379 942 3476 Pirotta,
972 3379 1019 3456 V.
1049 3378 1294 3457 Ghinassi
1324 3379 1498 3483 (privatis
1525 3378 1686 3482 litteris),
1716 3391 1754 3455 et
1781 3379 1897 3456 ceteri

403 3549 534 3600 omnes
561 3523 593 3598 si
619 3548 717 3623 quos
735 3523 830 3599 forte
858 3550 936 3600 ιιοιι
964 3523 1208 3625 compererim
1227 3520 1279 3627 (ἵ).
1299 3523 1353 3599 At
1379 3523 1468 3618 duc,
1489 3522 1708 3598 nominibus
1735 3522 1897 3618 omissis,

402 3665 667 3770 praetereundi
685 3666 778 3742 mibi
797 3693 874 3743 non
896 3677 1002 3742 sunt:
1031 3693 1194 3768 quorum
1213 3666 1309 3743 alter
1327 3664 1616 3768 TransalpinuS,
1637 3677 1705 3744 aut
1724 3693 1899 3770 praepro-

401 3837 489 3914 pere
517 3807 716 3912 pervoluto
744 3808 886 3905 libello,
906 3820 974 3884 aut
1002 3821 1152 3886 nostrae
1178 3809 1332 3911 linguae
1359 3809 1577 3928 imperitior,
1597 3836 1700 3886 meas
1728 3809 1898 3885 animad-

402 3954 593 4030 versiones
612 3979 658 4029 cx
676 3953 835 4030 adverso
862 3953 1015 4056 penitus
1034 3954 1303 4054 interpretatus
1322 3965 1394 4050 est;
1424 3964 1582 4055 uterque
1602 3980 1691 4028 vero
1718 3953 1895 4055 pretium,

401 4098 538 4200 siquod
562 4097 673 4195 inest,
693 4097 828 4200 operis,
849 4097 922 4192 vel,
942 4097 1067 4172 dicam
1094 4097 1233 4198 potius,
1254 4098 1352 4174 vires
1371 4109 1693 4199 argumentorum,
1713 4097 1896 4194 infirmat,

456 4543 503 4626 (1)
524 4545 672 4607 Editionis
693 4545 845 4622 Propertii
859 4543 992 4614 criticae,
1006 4562 1062 4620 qua
1084 4545 1180 4603 adhuc
1194 4543 1360 4615 deficimus,
1375 4541 1473 4602 locum
1495 4549 1576 4603 recte
1595 4549 1695 4603 tenere
1710 4561 1796 4621 posse
1817 4561 1897 4604 conr-

402 4644 585 4720 parationem
608 4644 714 4703 harum
739 4643 864 4702 duarum
886 4642 1061 4712 editionum,
1082 4659 1157 4718 quae
1180 4642 1280 4700 varias
1308 4640 1443 4700 codicum
1466 4640 1608 4700 lectiones
1628 4641 1659 4699 in
1684 4641 1754 4700 imis
1778 4642 1895 4718 paginis

401 4742 543 4814 referunt,
555 4743 683 4803 asseruit
695 4742 856 4801 Plessisius
867 4739 897 4820 (ι
910 4725 1046 4800 Etudes
1066 4742 1149 4800 crit.
1165 4757 1229 4798 sur
1252 4741 1359 4814 Prop.
1374 4745 1410 4799 et
1430 4757 1492 4796 ses
1509 4739 1579 4798 el.»
1600 4739 1688 4798 Paris
1700 4739 1779 4797 1884
1791 4758 1819 4816 p.
1831 4740 1895 4817 45).

454 4840 501 4920 (2)
523 4841 619 4901 Officii
636 4841 694 4900 mei
709 4841 787 4898 ratic
801 4839 931 4916 postulat
945 4839 1154 4916 utplurimum
1178 4837 1258 4897 Pras.
1277 4839 1377 4898 Rara.
1393 4837 1536 4897 Mnaorro
1556 4838 1802 4914 Septempedano,
1817 4855 1894 4897 nunc

400 4939 551 4999 Vectonae
575 4941 703 5015 degenti,
724 4940 832 4998 debera
853 4955 902 4997 me
928 4937 1078 5015 profitear,
1101 4939 1169 4996 viro
1190 4936 1319 4996 Romani
1340 4935 1518 4995 Callimachi
1549 4937 1780 5008 studiosissimo,
1803 4955 1895 5013 eaque

399 5039 465 5098 loca
480 5037 640 5114 diligenter
655 5037 827 5114 castiganti,
841 5054 917 5113 quae
931 5036 1014 5095 velut
1035 5037 1130 5112 digito
1145 5053 1162 5094 a
1181 5035 1337 5111 Propertio
1352 5035 1530 5104 indicantur,
1546 5035 1609 5106 illa,
1624 5035 1760 5110 inquam:
1783 5051 1798 5085 a
1815 5053 1895 5094 anou-

400 5136 481 5195 tibus
501 5133 673 5195 Etruscis»
695 5138 744 5196 ubi
766 5133 887 5194 Gallum
911 5135 1034 5193 Perusia
1058 5135 1178 5192 domurn
1202 5151 1306 5192 versus
1324 5131 1485 5209 lugientem
1507 5132 1604 5190 alicua
1629 5151 1733 5192 uranus
1756 5140 1892 5192 necatum

399 5241 488 5311 atque
508 5233 687 5310 insepultum
711 5234 886 5311 reliquerat3
912 5231 1097 5290 «Perusina
1117 5232 1259 5307 sepulcra
1281 5229 1424 5290 Italiae»
1455 5231 1592 5306 contigua
1616 5232 1767 5308 supposito
1788 5249 1895 5308 campo

398 5333 558 5406 Umbriae;
580 5349 596 5382 ι
610 5333 710 5408 pulvis
731 5331 897 5391 Etrusca»
919 5348 975 5405 qua
998 5335 1100 5406 poetae
1121 5330 1278 5405 praecipue
1299 5328 1456 5387 dolendum
1480 5327 1544 5386 tuit.
1561 5328 1644 5398 Quod
1666 5335 1781 5387 certum
1797 5337 1827 5387 et
1847 5347 1895 5388 ex·

399 5433 549 5510 ploratum
565 5431 669 5490 habuit
683 5431 839 5499 Manutius,
854 5428 884 5487 id
899 5445 986 5487 omne
1002 5427 1076 5486 mibi
1091 5427 1258 5486 liberaliter
1273 5426 1460 5502 gratificatus
1475 5433 1528 5498 est,
1539 5428 1671 5502 gratuito
1686 5427 1750 5503 ipse
1764 5427 1894 5503 quidem,

399 5548 467 5590 cunr
494 5547 586 5607 neque
609 5529 744 5588 Asisinas
765 5529 814 5600 sit,
836 5544 938 5604 neque,
957 5532 1076 5602 praeter
1098 5525 1266 5583 litterarum
1296 5525 1510 5582 commercium
1534 5531 1598 5600 post
1619 5523 1729 5583 editam
1759 5525 1891 5601 priorem

400 5629 540 5706 opellam,
562 5628 624 5688 ulla
645 5627 721 5688 mibi
743 5644 811 5686 cum
833 5644 868 5686 eo
888 5624 1076 5686 necessitudo
1096 5623 1269 5683 intercedat.
