4210 6598
998 699 1208 774 --45-

358 904 491 1001 quanti
521 904 729 984 faciendam
759 939 872 1012 quam
893 913 938 989 de
957 913 1028 989 hoc
1056 913 1221 989 carmine
1248 939 1363 1015 supra
1380 911 1670 987 memoravimus
1696 921 1844 987 senten·

360 1044 451 1120 tiam
480 1047 716 1154 Hertzbergii
744 1055 988 1154 putabimus?
1015 1055 1111 1148 Quis
1137 1065 1270 1133 contra
1309 1064 1367 1130 est
1406 1055 1499 1155 quin
1527 1053 1676 1145 viderit,
1704 1052 1843 1128 duode-

361 1187 497 1264 cimam
524 1192 859 1273 circumstantibus
886 1198 1026 1300 elegiis,
1055 1211 1092 1274 et
1119 1197 1306 1275 sententia
1332 1209 1370 1274 et
1398 1197 1534 1292 verbis,
1553 1195 1703 1273 arctiori
1730 1195 1844 1274 etiam

359 1355 473 1428 quam
501 1345 545 1408 111
572 1335 719 1412 soleant
746 1339 929 1440 Propertii
957 1341 1125 1416 carmina
1152 1366 1252 1416 nexu
1279 1367 1359 1416 esse
1386 1337 1660 1416 coniunctam?

414 1473 488 1550 Sed
515 1477 555 1552 in
583 1490 759 1581 promptu
787 1483 915 1558 omnia
940 1483 1014 1559 iam
1043 1498 1145 1580 sunt,
1163 1510 1261 1586 quae
1287 1484 1336 1560 ad
1367 1486 1414 1559 13
1434 1481 1481 1560 61.
1500 1494 1601 1558 recte
1627 1479 1846 1582 intellegen-

361 1615 447 1692 dam
485 1620 685 1697 sufficiant.
713 1623 862 1700 Animis
898 1639 985 1727 post
1016 1629 1051 1701 9.
1080 1627 1258 1728 scriptam
1292 1625 1339 1703 61.
1368 1623 1583 1725 resumptis,
1619 1622 1845 1723 omniquee

360 1772 510 1860 pectore
537 1763 685 1864 vulgari
714 1767 770 1842 ira
797 1767 952 1864 deiecta,
982 1795 1072 1845 suae
1099 1769 1253 1845 tandem
1282 1769 1432 1844 virtutis
1459 1794 1602 1843 memor
1628 1778 1739 1868 poeta
1766 1764 1844 1868 (ell.

365 1903 524 2008 10-11.),
540 1933 638 2003 cum,
653 1935 731 2009 qua
750 1910 886 1986 blanda
902 1922 999 1989 esset
1016 1911 1156 2008 indole,
1173 1937 1261 1987 mox
1280 1911 1389 1986 novis
1408 1910 1665 1986 exardesceret
1681 1908 1845 1985 flammis

360 2045 420 2145 (el.
453 2046 539 2149 12),
568 2075 676 2125 suam
702 2051 856 2152 quidem
882 2053 1152 2153 praestantiam
1171 2051 1210 2128 in
1229 2050 1437 2130 condendis
1463 2050 1696 2127 carminibus
1723 2051 1845 2126 obiee-

360 2199 447 2265 tans
474 2185 676 2293 Cynthiae,
704 2220 781 2294 qua
813 2222 924 2271 nemo
951 2208 1051 2272 certe
1077 2196 1255 2271 rivalium
1288 2206 1386 2271 esset
1411 2193 1616 2296 praeditus,
1643 2192 1749 2268 illius
1776 2193 1842 2287 sio,

360 2343 403 2406 ut
437 2334 597 2435 saepius,
632 2334 779 2412 levitati
816 2337 1012 2414 blanditur
1044 2337 1106 2442 (01.
1136 2335 1189 2413 ΙΙ.
1221 2340 1298 2434 24,
1328 2337 1571 2440 ‘21-23.).-
1594 2371 1609 2401 ι
1635 2334 1704 2412 Ab
1740 2334 1842 2436 ipso

361 2473 534 2551 Amore
571 2491 763 2577 poetam
796 2507 844 2556 se
875 2480 1143 2577 delectum,
1182 2506 1331 2583 seque
1368 2479 1659 2584 Cynthium,
1698 2489 1842 2554 unam

361 2617 452 2694 suis
479 2619 665 2720 dignam
696 2623 981 2717 carminibus,
1011 2624 1285 2718 canendam,
1313 2635 1445 2725 atque
1472 2621 1612 2698 etiam
1639 2620 1842 2697 iudicem

361 2787 413 2836 ex
449 2761 667 2838 omnibus
701 2766 896 2841 maxime
932 2767 1144 2842 idoneam
1182 2766 1273 2840 sibi
1308 2764 1502 2866 legisse.
1538 2763 1616 2867 (vv.
1649 2763 1765 2866 1-16.)
1793 2807 1845 2820 -

359 2903 505 2997 Item,
543 2919 655 3008 post
690 2908 902 3005 obitum,
937 2909 1103 2985 missis
1137 2907 1361 3010 sepulcri
1396 2907 1729 3009 supervacuis
1764 2905 1846 2980 ho·

361 3049 590 3144 noribus,
622 3051 749 3126 satis
780 3077 1002 3153 magnam
1034 3051 1132 3128 sibi
1165 3031 1384 3128 fuluram
1416 3045 1637 3153 pompam
1669 3049 1709 3124 si
1743 3062 1845 3124 tres

362 3217 517 3266 secum
550 3191 749 3269 haberet
780 3193 1022 3295 perfectos
1053 3192 1517 3310 carminum-libros,
1551 3203 1597 3268 et
1628 3189 1842 3295 Cynthia

362 3331 462 3408 solu
502 3333 594 3410 sibi
634 3334 762 3410 iusta
802 3335 1025 3413 solveret.
1063 3317 1141 3440 (rr.
1181 3333 1697 3438 17-42.)-Velmelius
1733 3361 1844 3410 mor-

360 3488 472 3551 tuus
504 3476 677 3552 fuisset
703 3479 748 3553 in
777 3480 928 3576 cunis,
956 3505 1023 3574 116,
1044 3491 1096 3556 ut
1126 3479 1360 3580 quondam
1389 3479 1583 3555 nimium
1604 3477 1841 3578 longaevo

359 3619 552 3694 Nestori
580 3619 833 3696 Antilochi
861 3621 1025 3717 funus,
1049 3619 1843 3726 sibiCynthiaeamorisiunusvi-

361 3761 470 3837 dere
501 3763 812 3864 contigisset.
841 3763 1046 3840 Caveret
1077 3763 1283 3865 denique
1314 3762 1546 3867 Cynthia,
1576 3791 1631 3840 ne
1663 3763 1842 3839 frustra

362 3904 620 4006 urgendum
648 3905 724 3981 illi
753 3933 883 3983 suum
912 3920 1036 3982 esset
1062 3904 1271 3982 lacrimis
1299 3905 1581 4008 sepulcrum:
1611 3933 1701 3982 non
1729 3905 1843 3982 enim

362 4076 408 4124 se
440 4051 497 4124 ab
530 4049 703 4125 inferis
735 4049 997 4126 excitatum
1028 4049 1108 4124 iri.
1136 4049 1214 4152 (vr.
1245 4052 1308 4125 43.
1337 4049 1574 4152 11111111.)-

414 4193 478 4270 Sic
505 4193 546 4272 iu
575 4177 1199 4295 1161001161111011119060110111,
1226 4191 1380 4268 minime
1408 4218 1496 4268 vero
1514 4183 1845 4295 seiungendum

361 4336 460 4413 hauc
481 4337 529 4413 el.
548 4337 801 4439 perspicuum,
831 4337 870 4412 ui
893 4335 1015 4431 fallor,
1035 4335 1109 4411 iam
1129 4335 1243 4412 fuerit
1268 4335 1458 4411 omnibus.
1487 4335 1722 4411 Seiunctioni
1743 4335 1844 4412 enim

361 4508 408 4556 ex
435 4481 517 4582 ipsa
544 4479 722 4556 carminis
750 4479 1090 4555 structuraductas
1117 4479 1266 4555 obstare
1294 4478 1458 4553 rationes
1476 4489 1565 4554 unte
1589 4477 1766 4554 vidimus:
1796 4479 1845 4554 ad

361 4624 574 4700 interiorem
602 4637 728 4700 autem
747 4648 899 4698 sensum
926 4623 1029 4722 quod
1056 4621 1204 4716 attinet,
1223 4647 1321 4720 quae
1347 4619 1428 4696 fuse
1446 4620 1690 4697 disseruimus
1718 4620 1846 4722 singil-

361 4768 468 4844 latim
496 4769 542 4845 de
569 4767 882 4869 praecedentibus
910 4765 985 4863 ell.,
1014 4767 1179 4866 itemque
1214 4762 1316 4864 quod
1353 4789 1467 4864 supra
1496 4763 1668 4840 dedimus
1704 4762 1844 4866 elegiae

361 4911 639 5012 compendium,
663 4909 776 4986 valde
803 4909 971 4986 sufficere
998 4920 1091 5010 puto
1119 4907 1346 5007 utquisque
1373 4911 1496 5008 perse
1514 4905 1656 4983 iudicet
1682 4907 1729 4982 de
1756 4919 1846 5010 apta

361 5055 475 5131 huius
501 5054 638 5154 integri
666 5053 844 5130 carminis
879 5051 1162 5153 compositione,
1190 5049 1300 5124 cuius
1325 5048 1479 5150 quidem
1507 5072 1654 5126 summa
1681 5060 1763 5125 tota
1789 5059 1847 5126 est

360 5200 401 5275 in
422 5197 557 5274 ultimo
584 5197 757 5274 disticho.
776 5194 968 5272 Amatoris
995 5191 1095 5268 enim
1114 5193 1253 5294 optime
1272 5190 1526 5267 conditionem
1544 5189 1660 5266 animi
1679 5189 1750 5267 hoc
1769 5203 1847 5267 car·

360 5341 462 5418 mine
488 5338 673 5440 exprimit,
708 5339 776 5440 qui
813 5337 862 5412 ad
895 5333 1128 5437 captandum
1156 5331 1347 5436 Cynthiae
1373 5331 1540 5407 favorem
1567 5331 1722 5408 omnino
1749 5345 1847 5408 esset

359 5483 579 5578 inclinatus,
599 5481 749 5558 duobus
766 5480 826 5556 his
839 5478 1077 5582 potissimum
1095 5476 1144 5551 ad
1162 5474 1201 5550 id
1219 5475 1379 5550 maxime
1397 5473 1724 5570 convenientibus,
1743 5472 1847 5550 illius

360 5626 559 5702 excitando
594 5623 820 5725 superbiam,
850 5622 983 5722 suique
1008 5616 1284 5695 miserationem
1313 5615 1578 5719 permovendo.
1603 5616 1691 5693 Non
1717 5627 1848 5692 contu·
