4210 6598
971 831 1155 901 -6-

321 1003 444 1105 posita
478 1028 576 1100 esse3
612 1015 680 1080 out
714 1006 803 1080 novi
836 1005 929 1105 quid
961 1017 999 1080 et
1030 1033 1100 1082 nos
1131 1005 1180 1081 ad
1211 1006 1447 1082 obscuriores
1482 1005 1668 1106 Propertii
1702 1006 1807 1081 looos

321 1145 581 1242 deelarandos,
609 1174 677 1247 pro
706 1147 805 1223 virili
836 1163 955 1250 parte,
984 1150 1201 1226 afferamus:
1232 1160 1423 1250 praeterea
1455 1150 1644 1250 liquidum
1671 1149 1806 1224 exinde

322 1288 400 1380 fiat,
428 1287 670 1364 difficultates
702 1317 800 1390 quae
827 1319 897 1366 neo
925 1319 1065 1392 parvae
1099 1318 1169 1368 neo
1202 1319 1320 1389 rarae,
1349 1294 1398 1368 ob
1426 1303 1595 1369 veterum
1623 1291 1807 1368 librorum

321 1429 459 1505 menda
477 1442 591 1531 atque
619 1431 810 1531 singulare
830 1433 1023 1533 quoddam
1050 1434 1201 1510 dicendi
1228 1462 1361 1536 genus,
1381 1435 1421 1510 in
1440 1435 1626 1537 Propertii
1645 1434 1807 1510 lectione

321 1564 583 1669 inveniuntur,
611 1573 753 1650 maiora
780 1575 821 1650 in
848 1575 927 1651 dies
954 1575 1283 1678 frequentioraque
1309 1578 1559 1679 interpretum
1587 1603 1700 1678 opera
1728 1603 1808 1652 esse

322 1715 435 1814 faeta,
472 1719 551 1819 qui,
588 1730 655 1794 aut
691 1745 825 1819 parurn
860 1720 1094 1796 considerate
1130 1731 1198 1796 aut
1231 1720 1386 1822 ingenio
1419 1720 1546 1795 minus
1583 1733 1721 1795 natura
1757 1719 1805 1794 ad

322 1862 464 1961 poesim
492 1873 719 1963 comparato,
749 1862 798 1937 ad
825 1863 1040 1938 Romanum
1068 1860 1344 1938 Callimachum
1373 1874 1623 1939 assesserunt.

725 2151 1411 2182 —umoom—

660 2617 688 2632 „
878 2489 1189 2607 ourasrro
1218 2491 1251 2578 1.

382 2717 576 2815 Quonam
603 2723 787 2815 tempore
814 2719 946 2813 elegia
972 2740 1001 2792 1.
1028 2739 1125 2814 prae
1153 2719 1299 2794 ceteris
1326 2717 1419 2793 libri
1445 2719 1474 2792 1.
1502 2718 1654 2814 scripte
1681 2717 1747 2792 sit.

1030 3155 1095 3230 A

374 3389 406 3463 I.
437 3435 487 3446 —
514 3389 560 3464 In
589 3389 636 3464 el.
668 3394 715 3464 16
744 3390 811 3467 lib.
840 3390 913 3466 ΙΙΙ.
942 3391 1082 3492 legitur
1108 3417 1240 3466 versus
1267 3389 1335 3494 (9):

571 3610 590 3646 ‹
613 3586 775 3652 Peoearem
798 3587 902 3666 semel,
927 3591 1022 3652 totam
1044 3607 1114 3653 sum
1136 3587 1244 3671 pulsus
1266 3587 1297 3652 in
1320 3607 1454 3666 anuum,
1479 3613 1497 3648 »

320 3808 486 3883 quocum
513 3779 623 3858 illum
651 3781 1068 3898 conferens(l)el.y1.
1098 3783 1165 3860 lib.
1194 3785 1242 3860 I.:
1329 3850 1331 3856 .

572 4003 591 4039 ‹
614 3977 655 4045 at
677 3979 753 4044 mihi
771 3979 839 4063 jam
863 3985 923 4045 toto
946 3980 1029 4046 furor
1051 3979 1101 4046 hio
1122 3999 1182 4046 non
1204 3979 1306 4046 deficit
1328 3999 1425 4058 anno,
1449 4005 1468 4042 »

322 4183 410 4231 cum
437 4143 683 4262 arbitraretur
712 4155 985 4234 Lachmannus
1013 4184 1090 4234 non
1119 4169 1269 4235 tantum
1302 4158 1439 4253 verbis,
1468 4185 1600 4234 verum
1628 4168 1666 4233 et
1692 4184 1806 4234 sensu

322 4298 392 4376 hos
420 4299 517 4376 duos
543 4326 676 4375 versus
703 4300 802 4376 inter
819 4327 859 4377 se
877 4301 1091 4396 convenire,
1112 4302 1247 4378 statuit
1272 4301 1372 4377 hano
1399 4302 1559 4402 primam
1579 4301 1668 4376 libri
1694 4301 1805 4402 primi

323 4441 481 4542 elegiam
502 4442 625 4518 medio
652 4442 692 4517 iu
720 4468 846 4519 amore
864 4469 888 4518 a
906 4443 1101 4544 Propertio
1129 4444 1321 4546 scriptam,
1344 4471 1431 4520 oum
1458 4457 1611 4546 propter
1638 4443 1805 4545 aliquam

321 4584 499 4659 amatoris
526 4583 801 4679 infidelitatem,
830 4611 916 4661 eum
943 4612 1010 4686 per
1035 4585 1129 4661 anni
1156 4584 1321 4687 spatium
1348 4585 1471 4662 amioa
1497 4586 1742 4687 repudiasset.
1766 4583 1807 4687 (¹)

322 4724 394 4802 Oui
413 4727 566 4826 quidem
594 4727 763 4828 opinioni
781 4738 876 4827 quot
896 4728 1133 4829 refragentur
1149 4727 1259 4804 facile
1286 4740 1343 4804 est
1369 4729 1508 4805 videre.
1529 4729 1569 4805 Si
1588 4729 1689 4805 enim
1716 4738 1805 4804 ante

321 4870 449 4946 omnia
466 4871 635 4972 integrae
661 4869 814 4970 elegiae,
834 4871 1016 4971 adquam
1039 4871 1184 4971 primus
1202 4869 1267 4946 ille
1285 4897 1416 4947 versus
1443 4871 1617 4974 pertinet,
1637 4883 1805 4947 tenorem

322 5023 547 5114 spectemus,
575 4995 684 5089 nobis
712 5013 782 5089 erit
809 5040 1031 5113 persuasum
1057 5013 1171 5116 longe
1198 5015 1311 5089 aliam
1333 5025 1501 5091 aoratos
1520 5014 1806 5091 estLoohman·

321 5182 396 5232 nus
422 5155 607 5256 Propertii
636 5156 788 5256 culpam
815 5166 1050 5256 quaestum
1078 5159 1229 5232 incusat
1257 5156 1384 5251 fuisse,
1409 5182 1497 5232 oum
1523 5156 1692 5257 pericula
1720 5183 1807 5232 noo-

322 5299 426 5374 turni
451 5297 597 5374 itineris
624 5299 727 5375 obire
759 5299 880 5374 satius
907 5299 1023 5394 duoit,
1051 5326 1167 5401 quam
1196 5327 1345 5375 severae
1373 5299 1563 5403 Cynthiae
1593 5299 1739 5376 iussum
1767 5327 1807 5376 se

322 5415 503 5518 Tiburern
531 5441 657 5517 subito
685 5442 857 5518 vocantis
876 5433 1076 5544 negligere.
1098 5441 1210 5532 Quod
1229 5443 1376 5544 siquae
1401 5453 1614 5545 sequuntur
1631 5442 1805 5520 extremis

376 5871 424 5952 (1)
446 5873 631 5945 Lucuusuu,
653 5872 744 5947 Prop.
765 5867 875 5942 carm,
898 5867 985 5929 1816.
1007 5867 1116 5942 Praei,
1138 5887 1165 5946 p.
1187 5869 1291 5929 23-26.
