<?xml version="1.0" encoding="UTF-8"?>
<!DOCTYPE html PUBLIC "-//W3C//DTD XHTML 1.0 Transitional//EN"
    "http://www.w3.org/TR/xhtml1/DTD/xhtml1-transitional.dtd">
<html xmlns="http://www.w3.org/1999/xhtml" xml:lang="en" lang="en">
 <head>
  <title>
</title>
<meta http-equiv="Content-Type" content="text/html;charset=utf-8" />
  <meta name='ocr-system' content='tesseract 3.04.00' />
  <meta name='ocr-capabilities' content='ocr_page ocr_carea ocr_par ocr_line ocrx_word'/>
</head>
<body>
  <div class='ocr_page' id='page_1' title='image "./quaestionesprop00elisgoog_0034.png"; bbox 0 0 4210 6598; ppageno 0'>
   <div class='ocr_carea' id='block_1_1' title="bbox 851 711 1060 808">
    <p class='ocr_par' dir='ltr' id='par_1_1' title="bbox 851 711 1060 808">
     <span class='ocr_line' id='line_1_1' title="bbox 851 711 1060 808; baseline 0.005 -25"><span class='ocrx_word' id='word_1_1' title='bbox 851 711 1060 808; x_wconf 51' lang='grc' dir='ltr'>...Ἠ-,-</span> 
     </span>
    </p>
   </div>
   <div class='ocr_carea' id='block_1_2' title="bbox 212 916 1696 1310">
    <p class='ocr_par' dir='ltr' id='par_1_2' title="bbox 212 916 1696 1310">
     <span class='ocr_line' id='line_1_2' title="bbox 213 916 1692 1026; baseline -0.004 -31"><span class='ocrx_word' id='word_1_2' title='bbox 213 919 398 1022; x_wconf 87' lang='lat' dir='ltr'>Propertii</span> <span class='ocrx_word' id='word_1_3' title='bbox 424 947 540 1022; x_wconf 92' lang='lat' dir='ltr'>quam</span> <span class='ocrx_word' id='word_1_4' title='bbox 567 920 713 1000; x_wconf 82' lang='lat' dir='ltr'><strong>Tibulli</strong></span> <span class='ocrx_word' id='word_1_5' title='bbox 740 935 940 1026; x_wconf 88' lang='lat' dir='ltr'>praecepta</span> <span class='ocrx_word' id='word_1_6' title='bbox 967 951 1047 1001; x_wconf 90' lang='lat' dir='ltr'>esse</span> <span class='ocrx_word' id='word_1_7' title='bbox 1074 923 1269 1018; x_wconf 87' lang='lat' dir='ltr'>indicaret,</span> <span class='ocrx_word' id='word_1_8' title='bbox 1290 920 1431 1024; x_wconf 85' lang='lat' dir='ltr'>quippe</span> <span class='ocrx_word' id='word_1_9' title='bbox 1458 944 1555 1020; x_wconf 91' lang='lat' dir='ltr'>quae</span> <span class='ocrx_word' id='word_1_10' title='bbox 1583 916 1692 992; x_wconf 88' lang='lat' dir='ltr'>utin</span> 
     </span>
     <span class='ocr_line' id='line_1_3' title="bbox 212 1060 1696 1168; baseline -0.001 -31"><span class='ocrx_word' id='word_1_11' title='bbox 212 1062 409 1164; x_wconf 85' lang='lat' dir='ltr'>Propertio</span> <span class='ocrx_word' id='word_1_12' title='bbox 436 1062 692 1160; x_wconf 81' lang='lat' dir='ltr'>inveniantur,</span> <span class='ocrx_word' id='word_1_13' title='bbox 713 1065 879 1168; x_wconf 91' lang='lat' dir='ltr'>quadam</span> <span class='ocrx_word' id='word_1_14' title='bbox 907 1067 988 1143; x_wconf 90' lang='lat' dir='ltr'>sine</span> <span class='ocrx_word' id='word_1_15' title='bbox 1014 1065 1202 1143; x_wconf 82' lang='lat' dir='ltr'>industria</span> <span class='ocrx_word' id='word_1_16' title='bbox 1220 1064 1258 1141; x_wconf 89' lang='lat' dir='ltr'>id</span> <span class='ocrx_word' id='word_1_17' title='bbox 1276 1065 1355 1141; x_wconf 86' lang='lat' dir='ltr'>fieri</span> <span class='ocrx_word' id='word_1_18' title='bbox 1383 1073 1559 1164; x_wconf 83' lang='lat' dir='ltr'>nequeat.</span> <span class='ocrx_word' id='word_1_19' title='bbox 1579 1060 1696 1136; x_wconf 82' lang='lat' dir='ltr'>Blou-</span> 
     </span>
     <span class='ocr_line' id='line_1_4' title="bbox 213 1203 1696 1310; baseline -0.001 -30"><span class='ocrx_word' id='word_1_20' title='bbox 213 1205 300 1281; x_wconf 84' lang='lat' dir='ltr'>dum</span> <span class='ocrx_word' id='word_1_21' title='bbox 317 1217 509 1307; x_wconf 88' lang='lat' dir='ltr'>praeterea</span> <span class='ocrx_word' id='word_1_22' title='bbox 527 1207 765 1309; x_wconf 82' lang='lat' dir='ltr'>Propertium</span> <span class='ocrx_word' id='word_1_23' title='bbox 784 1222 957 1286; x_wconf 88' lang='lat' dir='ltr'>vocasset</span> <span class='ocrx_word' id='word_1_24' title='bbox 984 1209 1156 1306; x_wconf 92' lang='lat' dir='ltr'>Ovidius,</span> <span class='ocrx_word' id='word_1_25' title='bbox 1175 1207 1391 1310; x_wconf 89' lang='lat' dir='ltr'>puriorem</span> <span class='ocrx_word' id='word_1_26' title='bbox 1410 1205 1568 1282; x_wconf 87' lang='lat' dir='ltr'>Tibullo</span> <span class='ocrx_word' id='word_1_27' title='bbox 1586 1203 1696 1278; x_wconf 88' lang='lat' dir='ltr'>intel·</span> 
     </span>
    </p>
   </div>
   <div class='ocr_carea' id='block_1_3' title="bbox 157 1326 1696 1450">
    <p class='ocr_par' dir='ltr' id='par_1_3' title="bbox 157 1326 1696 1450">
     <span class='ocr_line' id='line_1_5' title="bbox 157 1326 1696 1450; baseline -0.003 -26"><span class='ocrx_word' id='word_1_28' title='bbox 157 1326 163 1335; x_wconf 42' lang='lat'>⁵</span> <span class='ocrx_word' id='word_1_29' title='bbox 213 1347 355 1450; x_wconf 86' lang='lat' dir='ltr'>legens,</span> <span class='ocrx_word' id='word_1_30' title='bbox 375 1375 510 1450; x_wconf 90' lang='lat' dir='ltr'>nempe</span> <span class='ocrx_word' id='word_1_31' title='bbox 527 1350 631 1450; x_wconf 91' lang='lat' dir='ltr'>quod</span> <span class='ocrx_word' id='word_1_32' title='bbox 652 1350 818 1427; x_wconf 88' lang='lat' dir='ltr'>rariora</span> <span class='ocrx_word' id='word_1_33' title='bbox 845 1364 884 1428; x_wconf 89' lang='lat' dir='ltr'>et</span> <span class='ocrx_word' id='word_1_34' title='bbox 910 1350 1037 1428; x_wconf 87' lang='lat' dir='ltr'>foeda</span> <span class='ocrx_word' id='word_1_35' title='bbox 1062 1351 1206 1427; x_wconf 89' lang='lat' dir='ltr'>minus</span> <span class='ocrx_word' id='word_1_36' title='bbox 1232 1349 1335 1426; x_wconf 90' lang='lat' dir='ltr'>illius</span> <span class='ocrx_word' id='word_1_37' title='bbox 1353 1355 1477 1426; x_wconf 81' lang='lat' dir='ltr'>essent</span> <span class='ocrx_word' id='word_1_38' title='bbox 1496 1359 1696 1449; x_wconf 88' lang='lat' dir='ltr'>praecepta</span> 
     </span>
    </p>
   </div>
   <div class='ocr_carea' id='block_1_4' title="bbox 211 1491 1715 5142">
    <p class='ocr_par' dir='ltr' id='par_1_4' title="bbox 211 1491 1715 3852">
     <span class='ocr_line' id='line_1_6' title="bbox 214 1491 1697 1596; baseline -0.002 -30"><span class='ocrx_word' id='word_1_39' title='bbox 214 1491 406 1569; x_wconf 89' lang='lat' dir='ltr'>amatoria.</span> <span class='ocrx_word' id='word_1_40' title='bbox 434 1491 475 1595; x_wconf 86' lang='lat'>(¹)</span> <span class='ocrx_word' id='word_1_41' title='bbox 501 1491 609 1585; x_wconf 82' lang='lat' dir='ltr'>Quae</span> <span class='ocrx_word' id='word_1_42' title='bbox 643 1493 796 1594; x_wconf 88' lang='lat' dir='ltr'>quidem</span> <span class='ocrx_word' id='word_1_43' title='bbox 824 1521 848 1570; x_wconf 93' lang='lat' dir='ltr'>a</span> <span class='ocrx_word' id='word_1_44' title='bbox 874 1521 964 1571; x_wconf 89' lang='lat' dir='ltr'>vera</span> <span class='ocrx_word' id='word_1_45' title='bbox 989 1499 1177 1596; x_wconf 88' lang='lat' dir='ltr'>quantum</span> <span class='ocrx_word' id='word_1_46' title='bbox 1212 1493 1441 1570; x_wconf 84' lang='lat' dir='ltr'>abhorreant</span> <span class='ocrx_word' id='word_1_47' title='bbox 1465 1491 1623 1585; x_wconf 89' lang='lat' dir='ltr'>ratione,</span> <span class='ocrx_word' id='word_1_48' title='bbox 1652 1499 1697 1564; x_wconf 94' lang='lat' dir='ltr'>ut</span> 
     </span>
     <span class='ocr_line' id='line_1_7' title="bbox 213 1632 1696 1746; baseline -0.001 -38"><span class='ocrx_word' id='word_1_49' title='bbox 213 1633 328 1708; x_wconf 90' lang='lat' dir='ltr'>missa</span> <span class='ocrx_word' id='word_1_50' title='bbox 354 1634 539 1712; x_wconf 80' lang='lat' dir='ltr'>faciamus</span> <span class='ocrx_word' id='word_1_51' title='bbox 565 1661 663 1746; x_wconf 91' lang='lat' dir='ltr'>quae</span> <span class='ocrx_word' id='word_1_52' title='bbox 681 1635 728 1712; x_wconf 91' lang='lat' dir='ltr'>de</span> <span class='ocrx_word' id='word_1_53' title='bbox 746 1664 783 1712; x_wconf 91' lang='lat' dir='ltr'>v.</span> <span class='ocrx_word' id='word_1_54' title='bbox 805 1639 962 1712; x_wconf 81' lang='lat' dir='ltr'>iuvenies</span> <span class='ocrx_word' id='word_1_55' title='bbox 988 1636 1191 1713; x_wconf 89' lang='lat' dir='ltr'>cavillatus</span> <span class='ocrx_word' id='word_1_56' title='bbox 1218 1648 1275 1713; x_wconf 90' lang='lat' dir='ltr'>est</span> <span class='ocrx_word' id='word_1_57' title='bbox 1301 1635 1630 1726; x_wconf 87' lang='lat' dir='ltr'>Fleischmannus,</span> <span class='ocrx_word' id='word_1_58' title='bbox 1647 1632 1696 1707; x_wconf 89' lang='lat' dir='ltr'>ad</span> 
     </span>
     <span class='ocr_line' id='line_1_8' title="bbox 213 1775 1697 1881; baseline 0.001 -32"><span class='ocrx_word' id='word_1_59' title='bbox 213 1802 251 1849; x_wconf 91' lang='lat' dir='ltr'>v.</span> <span class='ocrx_word' id='word_1_60' title='bbox 272 1775 400 1850; x_wconf 79' lang='lat' dir='ltr'>blondi</span> <span class='ocrx_word' id='word_1_61' title='bbox 424 1777 527 1877; x_wconf 92' lang='lat' dir='ltr'>quod</span> <span class='ocrx_word' id='word_1_62' title='bbox 554 1776 702 1874; x_wconf 83' lang='lat' dir='ltr'>attinet,</span> <span class='ocrx_word' id='word_1_63' title='bbox 722 1778 798 1855; x_wconf 87' lang='lat' dir='ltr'>fere</span> <span class='ocrx_word' id='word_1_64' title='bbox 824 1779 910 1881; x_wconf 92' lang='lat' dir='ltr'>quis</span> <span class='ocrx_word' id='word_1_65' title='bbox 936 1780 1083 1873; x_wconf 84' lang='lat' dir='ltr'>dixerit,</span> <span class='ocrx_word' id='word_1_66' title='bbox 1103 1805 1226 1880; x_wconf 89' lang='lat' dir='ltr'>neque</span> <span class='ocrx_word' id='word_1_67' title='bbox 1254 1778 1450 1873; x_wconf 86' lang='lat' dir='ltr'>immerito,</span> <span class='ocrx_word' id='word_1_68' title='bbox 1479 1805 1564 1853; x_wconf 88' lang='lat' dir='ltr'>curn</span> <span class='ocrx_word' id='word_1_69' title='bbox 1594 1801 1697 1876; x_wconf 86' lang='lat' dir='ltr'>prae·</span> 
     </span>
     <span class='ocr_line' id='line_1_9' title="bbox 213 1918 1694 2024; baseline 0.001 -32"><span class='ocrx_word' id='word_1_70' title='bbox 213 1928 270 1994; x_wconf 88' lang='lat' dir='ltr'>ter</span> <span class='ocrx_word' id='word_1_71' title='bbox 288 1918 391 1996; x_wconf 87' lang='lat' dir='ltr'>hune</span> <span class='ocrx_word' id='word_1_72' title='bbox 409 1919 536 1996; x_wconf 90' lang='lat' dir='ltr'>locum</span> <span class='ocrx_word' id='word_1_73' title='bbox 563 1921 619 1997; x_wconf 94' lang='lat' dir='ltr'>nil</span> <span class='ocrx_word' id='word_1_74' title='bbox 646 1921 809 2024; x_wconf 90' lang='lat' dir='ltr'>amplius</span> <span class='ocrx_word' id='word_1_75' title='bbox 827 1923 1033 2024; x_wconf 78' lang='lat' dir='ltr'>inspexisse</span> <span class='ocrx_word' id='word_1_76' title='bbox 1059 1923 1231 1998; x_wconf 89' lang='lat' dir='ltr'>amatorii</span> <span class='ocrx_word' id='word_1_77' title='bbox 1259 1922 1437 1998; x_wconf 82' lang='lat' dir='ltr'>carminis</span> <span class='ocrx_word' id='word_1_78' title='bbox 1456 1921 1694 2021; x_wconf 85' lang='lat' dir='ltr'>scriptorum,</span> 
     </span>
     <span class='ocr_line' id='line_1_10' title="bbox 211 2060 1697 2166; baseline 0.001 -32"><span class='ocrx_word' id='word_1_79' title='bbox 211 2060 253 2136; x_wconf 92' lang='lat' dir='ltr'>in</span> <span class='ocrx_word' id='word_1_80' title='bbox 289 2061 430 2162; x_wconf 91' lang='lat' dir='ltr'>quibus</span> <span class='ocrx_word' id='word_1_81' title='bbox 465 2060 575 2159; x_wconf 90' lang='lat' dir='ltr'>illud,</span> <span class='ocrx_word' id='word_1_82' title='bbox 612 2064 725 2140; x_wconf 89' lang='lat' dir='ltr'>simul</span> <span class='ocrx_word' id='word_1_83' title='bbox 761 2091 849 2141; x_wconf 92' lang='lat' dir='ltr'>cum</span> <span class='ocrx_word' id='word_1_84' title='bbox 885 2093 923 2142; x_wconf 92' lang='lat' dir='ltr'>v.</span> <span class='ocrx_word' id='word_1_85' title='bbox 961 2064 1168 2158; x_wconf 69' lang='lat' dir='ltr'>abaciaco,</span> <span class='ocrx_word' id='word_1_86' title='bbox 1204 2063 1419 2166; x_wconf 88' lang='lat' dir='ltr'>saepissime</span> <span class='ocrx_word' id='word_1_87' title='bbox 1454 2062 1618 2140; x_wconf 86' lang='lat' dir='ltr'>occurrit</span> <span class='ocrx_word' id='word_1_88' title='bbox 1654 2073 1697 2137; x_wconf 90' lang='lat' dir='ltr'>ut</span> 
     </span>
     <span class='ocr_line' id='line_1_11' title="bbox 213 2203 1695 2310; baseline 0 -32"><span class='ocrx_word' id='word_1_89' title='bbox 213 2203 407 2306; x_wconf 90' lang='lat' dir='ltr'>proprium</span> <span class='ocrx_word' id='word_1_90' title='bbox 442 2206 579 2282; x_wconf 87' lang='lat' dir='ltr'>amoris</span> <span class='ocrx_word' id='word_1_91' title='bbox 605 2217 721 2308; x_wconf 87' lang='lat' dir='ltr'>atque</span> <span class='ocrx_word' id='word_1_92' title='bbox 747 2208 795 2284; x_wconf 94' lang='lat' dir='ltr'>ad</span> <span class='ocrx_word' id='word_1_93' title='bbox 823 2234 882 2284; x_wconf 88' lang='lat' dir='ltr'>res</span> <span class='ocrx_word' id='word_1_94' title='bbox 910 2208 1111 2284; x_wconf 88' lang='lat' dir='ltr'>amatorias</span> <span class='ocrx_word' id='word_1_95' title='bbox 1143 2206 1415 2310; x_wconf 85' lang='lat' dir='ltr'>significandas</span> <span class='ocrx_word' id='word_1_96' title='bbox 1441 2205 1695 2306; x_wconf 66' lang='lat' dir='ltr'>aptissimum</span> 
     </span>
     <span class='ocr_line' id='line_1_12' title="bbox 213 2345 1697 2452; baseline -0.001 -31"><span class='ocrx_word' id='word_1_97' title='bbox 213 2345 307 2422; x_wconf 89' lang='lat' dir='ltr'>adeo</span> <span class='ocrx_word' id='word_1_98' title='bbox 335 2373 427 2424; x_wconf 90' lang='lat' dir='ltr'>sane</span> <span class='ocrx_word' id='word_1_99' title='bbox 454 2360 498 2424; x_wconf 92' lang='lat' dir='ltr'>ut</span> <span class='ocrx_word' id='word_1_100' title='bbox 524 2373 612 2424; x_wconf 90' lang='lat' dir='ltr'>cum</span> <span class='ocrx_word' id='word_1_101' title='bbox 640 2350 773 2426; x_wconf 82' lang='lat' dir='ltr'>Venere</span> <span class='ocrx_word' id='word_1_102' title='bbox 799 2349 973 2427; x_wconf 89' lang='lat' dir='ltr'>absolute</span> <span class='ocrx_word' id='word_1_103' title='bbox 1005 2349 1172 2452; x_wconf 90' lang='lat' dir='ltr'>positum</span> <span class='ocrx_word' id='word_1_104' title='bbox 1198 2376 1269 2426; x_wconf 91' lang='lat' dir='ltr'>neo</span> <span class='ocrx_word' id='word_1_105' title='bbox 1297 2375 1375 2425; x_wconf 89' lang='lat' dir='ltr'>non</span> <span class='ocrx_word' id='word_1_106' title='bbox 1402 2374 1491 2424; x_wconf 89' lang='lat' dir='ltr'>cum</span> <span class='ocrx_word' id='word_1_107' title='bbox 1517 2353 1697 2422; x_wconf 81' lang='lat' dir='ltr'>meretrice</span> 
     </span>
     <span class='ocr_line' id='line_1_13' title="bbox 213 2488 1697 2597; baseline 0 -33"><span class='ocrx_word' id='word_1_108' title='bbox 213 2489 412 2566; x_wconf 87' lang='lat' dir='ltr'>abeodem</span> <span class='ocrx_word' id='word_1_109' title='bbox 440 2489 577 2567; x_wconf 91' lang='lat' dir='ltr'>Ovidio</span> <span class='ocrx_word' id='word_1_110' title='bbox 604 2492 812 2569; x_wconf 90' lang='lat' dir='ltr'>videamus.</span> <span class='ocrx_word' id='word_1_111' title='bbox 840 2488 881 2597; x_wconf 73' lang='lat'>(&#39;)</span> <span class='ocrx_word' id='word_1_112' title='bbox 907 2491 1019 2585; x_wconf 81' lang='lat' dir='ltr'>Quod</span> <span class='ocrx_word' id='word_1_113' title='bbox 1047 2505 1171 2570; x_wconf 88' lang='lat' dir='ltr'>autem</span> <span class='ocrx_word' id='word_1_114' title='bbox 1201 2491 1321 2594; x_wconf 90' lang='lat' dir='ltr'>pluris</span> <span class='ocrx_word' id='word_1_115' title='bbox 1347 2491 1516 2586; x_wconf 89' lang='lat' dir='ltr'>interest,</span> <span class='ocrx_word' id='word_1_116' title='bbox 1536 2515 1623 2565; x_wconf 91' lang='lat' dir='ltr'>cum</span> <span class='ocrx_word' id='word_1_117' title='bbox 1650 2489 1697 2564; x_wconf 93' lang='lat' dir='ltr'>de</span> 
     </span>
     <span class='ocr_line' id='line_1_14' title="bbox 213 2630 1697 2737; baseline -0.001 -29"><span class='ocrx_word' id='word_1_118' title='bbox 213 2631 410 2734; x_wconf 87' lang='lat' dir='ltr'>Propertio</span> <span class='ocrx_word' id='word_1_119' title='bbox 444 2643 592 2736; x_wconf 85' lang='lat' dir='ltr'>agatur,</span> <span class='ocrx_word' id='word_1_120' title='bbox 620 2634 653 2710; x_wconf 92' lang='lat' dir='ltr'>si</span> <span class='ocrx_word' id='word_1_121' title='bbox 679 2633 774 2711; x_wconf 89' lang='lat' dir='ltr'>alios</span> <span class='ocrx_word' id='word_1_122' title='bbox 809 2647 848 2714; x_wconf 90' lang='lat' dir='ltr'>et</span> <span class='ocrx_word' id='word_1_123' title='bbox 882 2635 1010 2713; x_wconf 89' lang='lat' dir='ltr'>Ovidii</span> <span class='ocrx_word' id='word_1_124' title='bbox 1043 2651 1082 2712; x_wconf 89' lang='lat' dir='ltr'>et</span> <span class='ocrx_word' id='word_1_125' title='bbox 1113 2636 1233 2737; x_wconf 89' lang='lat' dir='ltr'>ipsius</span> <span class='ocrx_word' id='word_1_126' title='bbox 1267 2634 1453 2737; x_wconf 90' lang='lat' dir='ltr'>Propertii</span> <span class='ocrx_word' id='word_1_127' title='bbox 1489 2630 1697 2708; x_wconf 89' lang='lat' dir='ltr'>nonnullos</span> 
     </span>
     <span class='ocr_line' id='line_1_15' title="bbox 214 2774 1698 2880; baseline -0.001 -28"><span class='ocrx_word' id='word_1_128' title='bbox 214 2801 301 2852; x_wconf 86' lang='lat' dir='ltr'>eum</span> <span class='ocrx_word' id='word_1_129' title='bbox 328 2774 401 2851; x_wconf 88' lang='lat' dir='ltr'>hoc</span> <span class='ocrx_word' id='word_1_130' title='bbox 428 2774 532 2854; x_wconf 87' lang='lat' dir='ltr'>locos</span> <span class='ocrx_word' id='word_1_131' title='bbox 559 2774 599 2880; x_wconf 68' lang='lat'>(³)</span> <span class='ocrx_word' id='word_1_132' title='bbox 626 2777 849 2854; x_wconf 87' lang='lat' dir='ltr'>contulisset</span> <span class='ocrx_word' id='word_1_133' title='bbox 880 2777 1209 2873; x_wconf 83' lang='lat' dir='ltr'>Fleisehmannus,</span> <span class='ocrx_word' id='word_1_134' title='bbox 1237 2788 1443 2855; x_wconf 84' lang='lat' dir='ltr'>etcertum</span> <span class='ocrx_word' id='word_1_135' title='bbox 1471 2788 1565 2878; x_wconf 87' lang='lat' dir='ltr'>puto</span> <span class='ocrx_word' id='word_1_136' title='bbox 1592 2774 1698 2851; x_wconf 87' lang='lat' dir='ltr'>vocis</span> 
     </span>
     <span class='ocr_line' id='line_1_16' title="bbox 216 2916 1697 3022; baseline -0.001 -28"><span class='ocrx_word' id='word_1_137' title='bbox 216 2919 441 2994; x_wconf 87' lang='lat' dir='ltr'>sententiam</span> <span class='ocrx_word' id='word_1_138' title='bbox 461 2919 640 3018; x_wconf 88' lang='lat' dir='ltr'>novisset,</span> <span class='ocrx_word' id='word_1_139' title='bbox 657 2933 771 3022; x_wconf 88' lang='lat' dir='ltr'>atque</span> <span class='ocrx_word' id='word_1_140' title='bbox 789 2919 968 2998; x_wconf 91' lang='lat' dir='ltr'>Ovidium</span> <span class='ocrx_word' id='word_1_141' title='bbox 987 2920 1191 2998; x_wconf 88' lang='lat' dir='ltr'>iudicasset</span> <span class='ocrx_word' id='word_1_142' title='bbox 1208 2922 1258 2997; x_wconf 90' lang='lat' dir='ltr'>ab</span> <span class='ocrx_word' id='word_1_143' title='bbox 1275 2918 1359 3022; x_wconf 90' lang='lat' dir='ltr'>ipso</span> <span class='ocrx_word' id='word_1_144' title='bbox 1376 2916 1697 3020; x_wconf 83' lang='lat' dir='ltr'>Propertioillam</span> 
     </span>
     <span class='ocr_line' id='line_1_17' title="bbox 213 3061 1697 3166; baseline 0.001 -31"><span class='ocrx_word' id='word_1_145' title='bbox 213 3061 460 3162; x_wconf 89' lang='lat' dir='ltr'>probabiliter</span> <span class='ocrx_word' id='word_1_146' title='bbox 486 3089 566 3139; x_wconf 89' lang='lat' dir='ltr'>esse</span> <span class='ocrx_word' id='word_1_147' title='bbox 593 3075 826 3141; x_wconf 88' lang='lat' dir='ltr'>mutuatum:</span> <span class='ocrx_word' id='word_1_148' title='bbox 847 3064 1031 3166; x_wconf 88' lang='lat' dir='ltr'>siquidem</span> <span class='ocrx_word' id='word_1_149' title='bbox 1052 3075 1242 3140; x_wconf 88' lang='lat' dir='ltr'>tenerum</span> <span class='ocrx_word' id='word_1_150' title='bbox 1270 3062 1477 3164; x_wconf 85' lang='lat' dir='ltr'>cupidum</span> <span class='ocrx_word' id='word_1_151' title='bbox 1505 3061 1697 3138; x_wconf 89' lang='lat' dir='ltr'>hominem</span> 
     </span>
     <span class='ocr_line' id='line_1_18' title="bbox 215 3203 1699 3307; baseline 0 -28"><span class='ocrx_word' id='word_1_152' title='bbox 215 3230 306 3305; x_wconf 91' lang='lat' dir='ltr'>prae</span> <span class='ocrx_word' id='word_1_153' title='bbox 332 3205 466 3281; x_wconf 89' lang='lat' dir='ltr'>ceteris</span> <span class='ocrx_word' id='word_1_154' title='bbox 492 3205 807 3307; x_wconf 89' lang='lat' dir='ltr'>voluptarium,</span> <span class='ocrx_word' id='word_1_155' title='bbox 836 3206 1087 3284; x_wconf 80' lang='lat' dir='ltr'>adfectibus</span> <span class='ocrx_word' id='word_1_156' title='bbox 1112 3207 1335 3284; x_wconf 86' lang='lat' dir='ltr'>ardentem</span> <span class='ocrx_word' id='word_1_157' title='bbox 1362 3205 1403 3281; x_wconf 91' lang='lat' dir='ltr'>in</span> <span class='ocrx_word' id='word_1_158' title='bbox 1422 3204 1501 3281; x_wconf 89' lang='lat' dir='ltr'>suis</span> <span class='ocrx_word' id='word_1_159' title='bbox 1524 3203 1699 3280; x_wconf 88' lang='lat' dir='ltr'>carmini·</span> 
     </span>
     <span class='ocr_line' id='line_1_19' title="bbox 214 3346 1699 3451; baseline -0.001 -29"><span class='ocrx_word' id='word_1_160' title='bbox 214 3347 289 3422; x_wconf 88' lang='lat' dir='ltr'>bus</span> <span class='ocrx_word' id='word_1_161' title='bbox 316 3357 535 3423; x_wconf 85' lang='lat' dir='ltr'>constanter</span> <span class='ocrx_word' id='word_1_162' title='bbox 561 3347 622 3426; x_wconf 88' lang='lat' dir='ltr'>hio</span> <span class='ocrx_word' id='word_1_163' title='bbox 640 3375 680 3425; x_wconf 93' lang='lat' dir='ltr'>se</span> <span class='ocrx_word' id='word_1_164' title='bbox 697 3351 886 3451; x_wconf 88' lang='lat' dir='ltr'>praebeat,</span> <span class='ocrx_word' id='word_1_165' title='bbox 906 3376 1020 3451; x_wconf 86' lang='lat' dir='ltr'>seque</span> <span class='ocrx_word' id='word_1_166' title='bbox 1047 3349 1221 3426; x_wconf 79' lang='lat' dir='ltr'>blandam</span> <span class='ocrx_word' id='word_1_167' title='bbox 1238 3349 1288 3425; x_wconf 92' lang='lat' dir='ltr'>ob</span> <span class='ocrx_word' id='word_1_168' title='bbox 1308 3349 1381 3424; x_wconf 89' lang='lat' dir='ltr'>hoc</span> <span class='ocrx_word' id='word_1_169' title='bbox 1409 3346 1604 3448; x_wconf 81' lang='lat' dir='ltr'>blandique</span> <span class='ocrx_word' id='word_1_170' title='bbox 1626 3349 1699 3422; x_wconf 83' lang='lat' dir='ltr'>oris</span> 
     </span>
     <span class='ocr_line' id='line_1_20' title="bbox 215 3489 1697 3595; baseline 0 -32"><span class='ocrx_word' id='word_1_171' title='bbox 215 3500 419 3565; x_wconf 88' lang='lat' dir='ltr'>amatorem</span> <span class='ocrx_word' id='word_1_172' title='bbox 439 3490 519 3592; x_wconf 89' lang='lat' dir='ltr'>ipse</span> <span class='ocrx_word' id='word_1_173' title='bbox 546 3501 675 3589; x_wconf 81' lang='lat' dir='ltr'>vocet3</span> <span class='ocrx_word' id='word_1_174' title='bbox 696 3519 795 3594; x_wconf 92' lang='lat' dir='ltr'>quae</span> <span class='ocrx_word' id='word_1_175' title='bbox 821 3492 975 3594; x_wconf 89' lang='lat' dir='ltr'>quidem</span> <span class='ocrx_word' id='word_1_176' title='bbox 1001 3493 1210 3595; x_wconf 85' lang='lat' dir='ltr'>proprietas</span> <span class='ocrx_word' id='word_1_177' title='bbox 1227 3491 1326 3568; x_wconf 89' lang='lat' dir='ltr'>inter</span> <span class='ocrx_word' id='word_1_178' title='bbox 1346 3517 1477 3567; x_wconf 88' lang='lat' dir='ltr'>omnes</span> <span class='ocrx_word' id='word_1_179' title='bbox 1495 3489 1697 3566; x_wconf 87' lang='lat' dir='ltr'>amatorios</span> 
     </span>
     <span class='ocr_line' id='line_1_21' title="bbox 215 3630 1697 3736; baseline 0.001 -30"><span class='ocrx_word' id='word_1_180' title='bbox 215 3630 473 3710; x_wconf 87' lang='lat' dir='ltr'>Romanorum</span> <span class='ocrx_word' id='word_1_181' title='bbox 501 3645 644 3734; x_wconf 87' lang='lat' dir='ltr'>poetas,</span> <span class='ocrx_word' id='word_1_182' title='bbox 664 3634 723 3711; x_wconf 89' lang='lat' dir='ltr'>vel</span> <span class='ocrx_word' id='word_1_183' title='bbox 752 3633 783 3711; x_wconf 87' lang='lat' dir='ltr'>si</span> <span class='ocrx_word' id='word_1_184' title='bbox 811 3633 963 3712; x_wconf 79' lang='lat' dir='ltr'>Catullo</span> <span class='ocrx_word' id='word_1_185' title='bbox 991 3646 1239 3736; x_wconf 80' lang='lat' dir='ltr'>comparetur,</span> <span class='ocrx_word' id='word_1_186' title='bbox 1267 3634 1513 3736; x_wconf 90' lang='lat' dir='ltr'>praecipuum</span> <span class='ocrx_word' id='word_1_187' title='bbox 1533 3631 1697 3708; x_wconf 87' lang='lat' dir='ltr'>Asisien·</span> 
     </span>
     <span class='ocr_line' id='line_1_22' title="bbox 218 3743 1715 3852; baseline 0.01 -4"><span class='ocrx_word' id='word_1_188' title='bbox 218 3799 296 3848; x_wconf 88' lang='lat' dir='ltr'>sem</span> <span class='ocrx_word' id='word_1_189' title='bbox 323 3773 459 3852; x_wconf 90' lang='lat' dir='ltr'>reddit.</span> <span class='ocrx_word' id='word_1_190' title='bbox 1712 3743 1715 3750; x_wconf 28' lang='grc' dir='ltr'>Ι</span> 
     </span>
    </p>

    <p class='ocr_par' dir='ltr' id='par_1_5' title="bbox 214 3917 1700 5142">
     <span class='ocr_line' id='line_1_23' title="bbox 268 3917 1695 4024; baseline 0.001 -32"><span class='ocrx_word' id='word_1_191' title='bbox 268 3917 322 3992; x_wconf 82' lang='lat' dir='ltr'>At</span> <span class='ocrx_word' id='word_1_192' title='bbox 348 3944 469 3994; x_wconf 89' lang='lat' dir='ltr'>unum</span> <span class='ocrx_word' id='word_1_193' title='bbox 502 3918 793 3997; x_wconf 91' lang='lat' dir='ltr'>Lachmannum</span> <span class='ocrx_word' id='word_1_194' title='bbox 830 3931 1047 4024; x_wconf 87' lang='lat' dir='ltr'>ceterosque</span> <span class='ocrx_word' id='word_1_195' title='bbox 1082 3947 1212 3998; x_wconf 90' lang='lat' dir='ltr'>omnes</span> <span class='ocrx_word' id='word_1_196' title='bbox 1239 3921 1380 4021; x_wconf 84' lang='lat' dir='ltr'>fugisse</span> <span class='ocrx_word' id='word_1_197' title='bbox 1415 3919 1508 3996; x_wconf 89' lang='lat' dir='ltr'>mihi</span> <span class='ocrx_word' id='word_1_198' title='bbox 1534 3920 1695 4014; x_wconf 85' lang='lat' dir='ltr'>videtur,</span> 
     </span>
     <span class='ocr_line' id='line_1_24' title="bbox 215 4061 1695 4166; baseline 0.001 -31"><span class='ocrx_word' id='word_1_199' title='bbox 215 4061 318 4160; x_wconf 92' lang='lat' dir='ltr'>quod</span> <span class='ocrx_word' id='word_1_200' title='bbox 345 4061 499 4138; x_wconf 91' lang='lat' dir='ltr'>maximi</span> <span class='ocrx_word' id='word_1_201' title='bbox 526 4061 599 4138; x_wconf 85' lang='lat' dir='ltr'>fuit</span> <span class='ocrx_word' id='word_1_202' title='bbox 626 4065 818 4160; x_wconf 87' lang='lat' dir='ltr'>momenti,</span> <span class='ocrx_word' id='word_1_203' title='bbox 838 4064 877 4140; x_wconf 93' lang='lat' dir='ltr'>ni</span> <span class='ocrx_word' id='word_1_204' title='bbox 905 4064 1028 4160; x_wconf 89' lang='lat' dir='ltr'>fallor,</span> <span class='ocrx_word' id='word_1_205' title='bbox 1047 4065 1120 4141; x_wconf 89' lang='lat' dir='ltr'>hac</span> <span class='ocrx_word' id='word_1_206' title='bbox 1146 4065 1278 4166; x_wconf 93' lang='lat' dir='ltr'>utique</span> <span class='ocrx_word' id='word_1_207' title='bbox 1304 4066 1345 4140; x_wconf 91' lang='lat' dir='ltr'>in</span> <span class='ocrx_word' id='word_1_208' title='bbox 1371 4091 1412 4140; x_wconf 88' lang='lat' dir='ltr'>re</span> <span class='ocrx_word' id='word_1_209' title='bbox 1439 4063 1695 4166; x_wconf 87' lang='lat' dir='ltr'>explananda:</span> 
     </span>
     <span class='ocr_line' id='line_1_25' title="bbox 216 4202 1699 4308; baseline 0.002 -30"><span class='ocrx_word' id='word_1_210' title='bbox 216 4228 293 4278; x_wconf 90' lang='lat' dir='ltr'>non</span> <span class='ocrx_word' id='word_1_211' title='bbox 321 4202 405 4278; x_wconf 89' lang='lat' dir='ltr'>ideo</span> <span class='ocrx_word' id='word_1_212' title='bbox 432 4204 618 4306; x_wconf 88' lang='lat' dir='ltr'>Propertii</span> <span class='ocrx_word' id='word_1_213' title='bbox 644 4204 866 4308; x_wconf 80' lang='lat' dir='ltr'>Tibullique</span> <span class='ocrx_word' id='word_1_214' title='bbox 892 4217 1091 4308; x_wconf 88' lang='lat' dir='ltr'>praecepta</span> <span class='ocrx_word' id='word_1_215' title='bbox 1111 4207 1238 4283; x_wconf 86' lang='lat' dir='ltr'>eadem</span> <span class='ocrx_word' id='word_1_216' title='bbox 1268 4232 1421 4308; x_wconf 89' lang='lat' dir='ltr'>prorsus</span> <span class='ocrx_word' id='word_1_217' title='bbox 1447 4231 1528 4282; x_wconf 88' lang='lat' dir='ltr'>esse</span> <span class='ocrx_word' id='word_1_218' title='bbox 1553 4203 1699 4282; x_wconf 89' lang='lat' dir='ltr'>intelle·</span> 
     </span>
     <span class='ocr_line' id='line_1_26' title="bbox 217 4345 1698 4451; baseline 0.003 -32"><span class='ocrx_word' id='word_1_219' title='bbox 217 4345 384 4446; x_wconf 85' lang='lat' dir='ltr'>gendum</span> <span class='ocrx_word' id='word_1_220' title='bbox 411 4347 515 4448; x_wconf 92' lang='lat' dir='ltr'>quod</span> <span class='ocrx_word' id='word_1_221' title='bbox 549 4346 761 4443; x_wconf 83' lang='lat' dir='ltr'>Tibullum,</span> <span class='ocrx_word' id='word_1_222' title='bbox 790 4348 917 4426; x_wconf 92' lang='lat' dir='ltr'>Ovidii</span> <span class='ocrx_word' id='word_1_223' title='bbox 944 4348 1028 4424; x_wconf 88' lang='lat' dir='ltr'>loco</span> <span class='ocrx_word' id='word_1_224' title='bbox 1064 4349 1191 4442; x_wconf 88' lang='lat' dir='ltr'>citat0,</span> <span class='ocrx_word' id='word_1_225' title='bbox 1218 4348 1385 4451; x_wconf 87' lang='lat' dir='ltr'>proxime</span> <span class='ocrx_word' id='word_1_226' title='bbox 1420 4349 1583 4449; x_wconf 87' lang='lat' dir='ltr'>excipiat</span> <span class='ocrx_word' id='word_1_227' title='bbox 1608 4349 1698 4424; x_wconf 88' lang='lat' dir='ltr'>Pro·</span> 
     </span>
     <span class='ocr_line' id='line_1_27' title="bbox 217 4488 1696 4594; baseline 0.002 -30"><span class='ocrx_word' id='word_1_228' title='bbox 217 4489 376 4589; x_wconf 87' lang='lat' dir='ltr'>pertius;</span> <span class='ocrx_word' id='word_1_229' title='bbox 396 4488 467 4564; x_wconf 91' lang='lat' dir='ltr'>hoc</span> <span class='ocrx_word' id='word_1_230' title='bbox 485 4489 585 4566; x_wconf 90' lang='lat' dir='ltr'>enim</span> <span class='ocrx_word' id='word_1_231' title='bbox 603 4491 749 4567; x_wconf 90' lang='lat' dir='ltr'>ratione</span> <span class='ocrx_word' id='word_1_232' title='bbox 768 4502 918 4568; x_wconf 92' lang='lat' dir='ltr'>tantum</span> <span class='ocrx_word' id='word_1_233' title='bbox 939 4491 1117 4594; x_wconf 88' lang='lat' dir='ltr'>temporis</span> <span class='ocrx_word' id='word_1_234' title='bbox 1135 4492 1278 4568; x_wconf 87' lang='lat' dir='ltr'>factum</span> <span class='ocrx_word' id='word_1_235' title='bbox 1297 4493 1372 4568; x_wconf 89' lang='lat' dir='ltr'>iam</span> <span class='ocrx_word' id='word_1_236' title='bbox 1390 4490 1696 4568; x_wconf 89' lang='lat' dir='ltr'>memoravimus:</span> 
     </span>
     <span class='ocr_line' id='line_1_28' title="bbox 218 4630 1700 4737; baseline 0.003 -31"><span class='ocrx_word' id='word_1_237' title='bbox 218 4657 341 4731; x_wconf 86' lang='lat' dir='ltr'>neque</span> <span class='ocrx_word' id='word_1_238' title='bbox 367 4630 487 4707; x_wconf 91' lang='lat' dir='ltr'>hilum</span> <span class='ocrx_word' id='word_1_239' title='bbox 514 4633 664 4710; x_wconf 86' lang='lat' dir='ltr'>obstare</span> <span class='ocrx_word' id='word_1_240' title='bbox 681 4634 886 4735; x_wconf 90' lang='lat' dir='ltr'>quominus</span> <span class='ocrx_word' id='word_1_241' title='bbox 912 4661 956 4711; x_wconf 89' lang='lat' dir='ltr'>ea</span> <span class='ocrx_word' id='word_1_242' title='bbox 982 4634 1029 4711; x_wconf 88' lang='lat' dir='ltr'>de</span> <span class='ocrx_word' id='word_1_243' title='bbox 1055 4635 1251 4736; x_wconf 91' lang='lat' dir='ltr'>Propertio</span> <span class='ocrx_word' id='word_1_244' title='bbox 1279 4635 1479 4737; x_wconf 76' lang='lat' dir='ltr'>separatim</span> <span class='ocrx_word' id='word_1_245' title='bbox 1506 4634 1608 4710; x_wconf 85' lang='lat' dir='ltr'>dicta</span> <span class='ocrx_word' id='word_1_246' title='bbox 1634 4633 1700 4710; x_wconf 91' lang='lat' dir='ltr'>ha-</span> 
     </span>
     <span class='ocr_line' id='line_1_29' title="bbox 218 4773 1698 4880; baseline 0.003 -31"><span class='ocrx_word' id='word_1_247' title='bbox 218 4773 386 4870; x_wconf 90' lang='lat' dir='ltr'>beamus,</span> <span class='ocrx_word' id='word_1_248' title='bbox 415 4785 530 4876; x_wconf 88' lang='lat' dir='ltr'>atque</span> <span class='ocrx_word' id='word_1_249' title='bbox 557 4777 606 4852; x_wconf 93' lang='lat' dir='ltr'>ad</span> <span class='ocrx_word' id='word_1_250' title='bbox 632 4803 774 4873; x_wconf 91' lang='lat' dir='ltr'>omnes,</span> <span class='ocrx_word' id='word_1_251' title='bbox 802 4777 869 4880; x_wconf 89' lang='lat' dir='ltr'>qui</span> <span class='ocrx_word' id='word_1_252' title='bbox 895 4778 1000 4880; x_wconf 88' lang='lat' dir='ltr'>prius</span> <span class='ocrx_word' id='word_1_253' title='bbox 1034 4789 1126 4854; x_wconf 87' lang='lat' dir='ltr'>aunt</span> <span class='ocrx_word' id='word_1_254' title='bbox 1159 4777 1356 4874; x_wconf 90' lang='lat' dir='ltr'>nominati,</span> <span class='ocrx_word' id='word_1_255' title='bbox 1385 4777 1553 4855; x_wconf 83' lang='lat' dir='ltr'>Graecos</span> <span class='ocrx_word' id='word_1_256' title='bbox 1579 4805 1698 4880; x_wconf 88' lang='lat' dir='ltr'>aeque</span> 
     </span>
     <span class='ocr_line' id='line_1_30' title="bbox 217 4917 1699 5023; baseline 0.003 -31"><span class='ocrx_word' id='word_1_257' title='bbox 217 4943 262 4994; x_wconf 88' lang='lat' dir='ltr'>ao</span> <span class='ocrx_word' id='word_1_258' title='bbox 289 4917 450 4994; x_wconf 91' lang='lat' dir='ltr'>Latinos</span> <span class='ocrx_word' id='word_1_259' title='bbox 476 4918 686 5019; x_wconf 83' lang='lat' dir='ltr'>scriptores,</span> <span class='ocrx_word' id='word_1_260' title='bbox 715 4918 805 4996; x_wconf 89' lang='lat' dir='ltr'>item</span> <span class='ocrx_word' id='word_1_261' title='bbox 832 4920 958 5023; x_wconf 91' lang='lat' dir='ltr'>ipsum</span> <span class='ocrx_word' id='word_1_262' title='bbox 980 4921 1029 4996; x_wconf 92' lang='lat' dir='ltr'>ad</span> <span class='ocrx_word' id='word_1_263' title='bbox 1049 4920 1241 5015; x_wconf 89' lang='lat' dir='ltr'>Ovidium,</span> <span class='ocrx_word' id='word_1_264' title='bbox 1269 4921 1397 5022; x_wconf 89' lang='lat' dir='ltr'>potius</span> <span class='ocrx_word' id='word_1_265' title='bbox 1424 4948 1539 5022; x_wconf 91' lang='lat' dir='ltr'>quam</span> <span class='ocrx_word' id='word_1_266' title='bbox 1566 4921 1615 4998; x_wconf 88' lang='lat' dir='ltr'>ad</span> <span class='ocrx_word' id='word_1_267' title='bbox 1643 4947 1699 4997; x_wconf 91' lang='lat' dir='ltr'>so-</span> 
     </span>
     <span class='ocr_line' id='line_1_31' title="bbox 214 5059 1698 5142; baseline 0.003 -7"><span class='ocrx_word' id='word_1_268' title='bbox 214 5059 296 5135; x_wconf 91' lang='lat' dir='ltr'>lum</span> <span class='ocrx_word' id='word_1_269' title='bbox 323 5059 523 5136; x_wconf 85' lang='lat' dir='ltr'>Tibullum</span> <span class='ocrx_word' id='word_1_270' title='bbox 549 5061 765 5138; x_wconf 80' lang='lat' dir='ltr'>reseramus.</span> <span class='ocrx_word' id='word_1_271' title='bbox 792 5098 808 5130; x_wconf 73' lang='grc' dir='ltr'>ι</span> <span class='ocrx_word' id='word_1_272' title='bbox 834 5063 992 5140; x_wconf 79' lang='lat' dir='ltr'>Eadem</span> <span class='ocrx_word' id='word_1_273' title='bbox 1024 5063 1183 5141; x_wconf 82' lang='lat' dir='ltr'>videbis</span> <span class='ocrx_word' id='word_1_274' title='bbox 1209 5064 1481 5141; x_wconf 82' lang='lat' dir='ltr'>»concludit</span> <span class='ocrx_word' id='word_1_275' title='bbox 1511 5063 1698 5142; x_wconf 92' lang='lat' dir='ltr'>Ovidius</span> 
     </span>
    </p>
   </div>
   <div class='ocr_carea' id='block_1_5' title="bbox 271 5539 1697 5824">
    <p class='ocr_par' dir='ltr' id='par_1_6' title="bbox 271 5539 1697 5824">
     <span class='ocr_line' id='line_1_32' title="bbox 274 5539 827 5624; baseline 0.011 -23"><span class='ocrx_word' id='word_1_276' title='bbox 274 5539 323 5620; x_wconf 86' lang='lat'>(1)</span> <span class='ocrx_word' id='word_1_277' title='bbox 344 5541 520 5616; x_wconf 75' lang='lat' dir='ltr'>Frarscrru,</span> <span class='ocrx_word' id='word_1_278' title='bbox 542 5543 563 5605; x_wconf 90' lang='lat' dir='ltr'>l.</span> <span class='ocrx_word' id='word_1_279' title='bbox 583 5561 609 5606; x_wconf 88' lang='lat' dir='ltr'>c.</span> <span class='ocrx_word' id='word_1_280' title='bbox 631 5561 660 5624; x_wconf 85' lang='lat' dir='ltr'>p.</span> <span class='ocrx_word' id='word_1_281' title='bbox 682 5545 782 5619; x_wconf 83' lang='grc'>12-13,</span> <span class='ocrx_word' id='word_1_282' title='bbox 804 5547 827 5607; x_wconf 86' lang='grc' dir='ltr'>Ι.</span> 
     </span>
     <span class='ocr_line' id='line_1_33' title="bbox 272 5633 1561 5722; baseline 0.008 -24"><span class='ocrx_word' id='word_1_283' title='bbox 272 5637 320 5718; x_wconf 80' lang='lat' dir='ltr'>(a)</span> <span class='ocrx_word' id='word_1_284' title='bbox 342 5639 468 5700; x_wconf 73' lang='lat' dir='ltr'>cranao</span> <span class='ocrx_word' id='word_1_285' title='bbox 496 5641 577 5715; x_wconf 76' lang='lat' dir='ltr'>ven,</span> <span class='ocrx_word' id='word_1_286' title='bbox 598 5643 655 5704; x_wconf 76' lang='lat' dir='ltr'>ov.</span> <span class='ocrx_word' id='word_1_287' title='bbox 676 5646 745 5704; x_wconf 78' lang='lat' dir='ltr'>xm.</span> <span class='ocrx_word' id='word_1_288' title='bbox 766 5645 820 5706; x_wconf 90' lang='lat'>111.</span> <span class='ocrx_word' id='word_1_289' title='bbox 840 5645 869 5718; x_wconf 83' lang='lat' dir='ltr'>a,</span> <span class='ocrx_word' id='word_1_290' title='bbox 890 5645 930 5706; x_wconf 84' lang='lat'>55</span> <span class='ocrx_word' id='word_1_291' title='bbox 949 5679 990 5694; x_wconf 93' lang='lat'>-</span> <span class='ocrx_word' id='word_1_292' title='bbox 1009 5647 1135 5708; x_wconf 70' lang='lat' dir='ltr'>aranu</span> <span class='ocrx_word' id='word_1_293' title='bbox 1156 5633 1312 5722; x_wconf 62' lang='lat' dir='ltr'>meretrix,</span> <span class='ocrx_word' id='word_1_294' title='bbox 1334 5650 1378 5712; x_wconf 83' lang='lat' dir='ltr'>n.</span> <span class='ocrx_word' id='word_1_295' title='bbox 1399 5651 1424 5711; x_wconf 92' lang='lat'>1.</span> <span class='ocrx_word' id='word_1_296' title='bbox 1446 5649 1492 5722; x_wconf 43' lang='grc' dir='ltr'><strong>ᾗ</strong></span> <span class='ocrx_word' id='word_1_297' title='bbox 1515 5649 1561 5709; x_wconf 78' lang='lat' dir='ltr'>rs.</span> 
     </span>
     <span class='ocr_line' id='line_1_34' title="bbox 271 5735 1697 5824; baseline 0.008 -28"><span class='ocrx_word' id='word_1_298' title='bbox 271 5735 320 5816; x_wconf 87' lang='grc'>(3)</span> <span class='ocrx_word' id='word_1_299' title='bbox 341 5739 386 5800; x_wconf 87' lang='lat' dir='ltr'>Cl.</span> <span class='ocrx_word' id='word_1_300' title='bbox 402 5740 459 5800; x_wconf 90' lang='lat' dir='ltr'>Ov.</span> <span class='ocrx_word' id='word_1_301' title='bbox 480 5739 573 5803; x_wconf 87' lang='lat' dir='ltr'>Trist.</span> <span class='ocrx_word' id='word_1_302' title='bbox 587 5741 624 5802; x_wconf 90' lang='lat' dir='ltr'>V.</span> <span class='ocrx_word' id='word_1_303' title='bbox 642 5742 669 5816; x_wconf 89' lang='lat'>1,</span> <span class='ocrx_word' id='word_1_304' title='bbox 685 5741 785 5804; x_wconf 87' lang='lat'><strong>15-15.</strong></span> <span class='ocrx_word' id='word_1_305' title='bbox 800 5775 839 5789; x_wconf 91' lang='lat'>-</span> <span class='ocrx_word' id='word_1_306' title='bbox 853 5745 943 5824; x_wconf 88' lang='lat' dir='ltr'>Prop.</span> <span class='ocrx_word' id='word_1_307' title='bbox 958 5747 982 5808; x_wconf 92' lang='lat'>1.</span> <span class='ocrx_word' id='word_1_308' title='bbox 996 5745 1026 5820; x_wconf 89' lang='lat'>8,</span> <span class='ocrx_word' id='word_1_309' title='bbox 1040 5747 1088 5820; x_wconf 77' lang='lat'>40,</span> <span class='ocrx_word' id='word_1_310' title='bbox 1103 5747 1142 5807; x_wconf 90' lang='lat'>11.</span> <span class='ocrx_word' id='word_1_311' title='bbox 1156 5747 1185 5821; x_wconf 91' lang='grc'>3,</span> <span class='ocrx_word' id='word_1_312' title='bbox 1201 5747 1247 5809; x_wconf 87' lang='grc'>16.</span> <span class='ocrx_word' id='word_1_313' title='bbox 1261 5781 1303 5796; x_wconf 93' lang='grc'>-</span> <span class='ocrx_word' id='word_1_314' title='bbox 1315 5748 1372 5811; x_wconf 87' lang='lat' dir='ltr'>Ov.</span> <span class='ocrx_word' id='word_1_315' title='bbox 1386 5749 1455 5810; x_wconf 84' lang='lat' dir='ltr'>Ars.</span> <span class='ocrx_word' id='word_1_316' title='bbox 1477 5748 1547 5809; x_wconf 80' lang='lat' dir='ltr'>Am.</span> <span class='ocrx_word' id='word_1_317' title='bbox 1562 5747 1615 5809; x_wconf 87' lang='lat'>111.</span> <span class='ocrx_word' id='word_1_318' title='bbox 1629 5747 1697 5808; x_wconf 85' lang='lat'><strong>333.</strong></span> 
     </span>
    </p>
   </div>
   <div class='ocr_carea' id='block_1_6' title="bbox 0 0 2116 6596">
    <p class='ocr_par' dir='ltr' id='par_1_7' title="bbox 0 0 2116 6596">
     <span class='ocr_line' id='line_1_35' title="bbox 0 0 2116 6596; baseline 0 0"><span class='ocrx_word' id='word_1_319' title='bbox 0 0 2116 6596; x_wconf 95' lang='lat' dir='ltr'> </span> 
     </span>
    </p>
   </div>
  </div>
 </body>
</html>
