4210 6598
1045 549 1229 620 ...8-

447 727 670 828 Opportune
695 737 887 828 praeterea
911 726 974 802 hic
1001 737 1116 827 negat
1149 726 1419 827 Hertzbergius
1437 723 1477 830 (¹)
1494 725 1587 826 quid
1615 725 1687 802 sibi
1705 727 1820 802 vellet
1839 756 1877 804 se

392 869 519 945 videre
547 868 764 945 Milanionis
790 868 1002 971 exemplum
1029 867 1178 971 (9,16.)
1206 866 1248 963 si,
1268 879 1312 942 ut
1335 867 1479 968 placuit
1506 867 1766 964 Lachmanno,
1786 897 1877 970 qua·

390 1023 480 1088 tuor
501 1012 540 1086 hi
564 1039 695 1088 versus
723 1024 848 1088 essent
873 1010 1130 1112 intellegendi.
1152 1011 1230 1088 Ubi
1258 1009 1358 1086 enim
1387 1009 1525 1086 labores
1552 1009 1633 1114 (9.),
1663 1013 1729 1086 ubi
1749 1039 1878 1110 preces

392 1167 427 1228 et
452 1155 638 1254 benefacto
664 1154 761 1259 (16.)
788 1154 985 1255 Propertii,
1020 1169 1065 1229 ut
1098 1153 1227 1228 mitem
1262 1152 1334 1226 sibi
1368 1149 1576 1254 Cynthium
1611 1153 1793 1248 redderet,
1822 1155 1877 1230 in·

394 1296 610 1373 veniemus?
637 1299 780 1399 Nempe
805 1299 847 1373 in
875 1297 1046 1374 Saburra.
1073 1293 1215 1371 omnia!
1246 1293 1456 1390 Quomodo,
1477 1294 1589 1370 etiam
1613 1294 1712 1371 adici
1738 1307 1875 1397 potest,

391 1438 432 1513 in
460 1465 501 1515 se
526 1440 598 1515 hoc
624 1440 724 1516 idem
751 1438 964 1540 exemplum
991 1437 1210 1540 Propertius
1238 1437 1421 1532 vertisset,
1444 1437 1475 1512 si
1499 1437 1574 1512 iam
1602 1437 1746 1538 pridem
1773 1437 1877 1542 Cyn-

393 1581 495 1657 thiae
522 1609 685 1659 amorem
719 1583 879 1684 adeptus
912 1594 1021 1677 esset,
1050 1608 1137 1674 cum
1165 1580 1356 1680 deprimo
1392 1579 1610 1656 Milanionis
1644 1606 1770 1658 amore
1797 1580 1876 1657 illic

393 1725 558 1825 agatur?

331 1947 344 1974 .
446 1869 519 1945 Sed
539 1869 613 1944 alia
631 1870 785 1944 mittens
803 1869 959 1944 minoris
977 1869 1169 1962 momenti,
1185 1867 1362 1943 omnibus
1377 1879 1470 1968 puto
1488 1893 1586 1968 quae
1600 1867 1650 1942 cd
1664 1866 1876 1943 Lachman-

392 2012 433 2087 ni
458 2013 806 2114 interpretationem
830 2011 1058 2088 reiciendum
1077 2021 1301 2112 argumenta
1328 2009 1454 2085 adhuc
1473 2003 1672 2085 attulimus
1695 2019 1755 2084 sat
1777 2036 1874 2086 esse:

391 2165 506 2258 atque
532 2157 614 2232 iure
639 2155 805 2256 quodam
827 2165 955 2230 nostro
974 2154 1036 2230 hic
1055 2154 1168 2255 plane
1196 2163 1360 2230 statuere
1387 2178 1567 2253 posse-
1585 2179 1733 2253 neque
1767 2156 1880 2228 antri

391 2299 617 2390 discidio,
652 2299 763 2374 cuius
787 2298 828 2372 in
856 2297 902 2373 el.
934 2301 995 2374 16.
1023 2297 1089 2374 lib.
1119 2295 1192 2370 III.
1220 2297 1265 2370 lit
1296 2295 1449 2389 mentio,
1478 2295 1728 2395 quicquam
1770 2322 1876 2371 esse

360 2441 461 2515 ‘rei
499 2467 604 2516 cum
636 2409 737 2542 'toto
769 2441 970 2542 suroris
1010 2466 1155 2530 uano,
1195 2464 1290 2538 quo
1331 2464 1540 2514 amorem
1581 2437 1875 2512 adversum

391 2581 571 2658 habuit
604 2583 901 2683 Propertius
928 2582 1004 2657 uti
1039 2608 1126 2656 nos
1160 2581 1305 2658 docet
1332 2579 1379 2656 el.
1412 2586 1446 2656 1.
1475 2580 1542 2656 lib.
1571 2579 1609 2653 I:
1636 2625 1689 2637 -
1716 2606 1877 2680 neque

390 2727 547 2826 ipsam
575 2725 700 2801 hanc
728 2725 939 2826 elegiam
968 2735 1067 2798 tum
1094 2749 1117 2798 a
1144 2725 1284 2826 Prop.
1312 2723 1471 2799 fuisse
1499 2722 1740 2822 scriptam
1768 2749 1876 2798 cum

390 2869 449 2945 ob
482 2869 702 2970 aliquam
732 2895 867 2945 suam
899 2865 1112 2969 culpam,
1141 2876 1405 2968 postquam
1432 2891 1537 2941 cum
1565 2863 1790 2970 Cynthia
1818 2865 1876 2938 si·

390 3011 490 3087 mul
520 3039 605 3114 per
636 3011 843 3113 aliquod
870 3021 1063 3111 tempus
1094 3009 1220 3085 felix
1251 3008 1400 3103 vixit,
1428 3006 1625 3108 pulsus,
1653 3007 1874 3083 favorem

392 3154 498 3230 eius
530 3156 816 3257 reciperare
849 3154 1117 3229 niteretur.
1146 3195 1199 3209 —

443 3420 496 3495 Π.
525 3467 578 3480 -
604 3422 687 3497 Iam
714 3422 888 3497 venimus
915 3421 964 3496 ad
992 3416 1218 3495 sententiam
1235 3443 1365 3496 eorum
1391 3418 1659 3494 recensendam
1681 3419 1749 3519 qui
1776 3419 1875 3494 hane

389 3563 550 3664 primam
581 3565 670 3640 libri
702 3565 813 3666 primi
841 3564 999 3665 elegiam
1026 3563 1175 3663 prologi
1207 3572 1400 3662 tamquam
1433 3589 1589 3638 munere
1622 3562 1732 3662 fungi
1768 3573 1876 3663 puta·

390 3716 540 3802 verunt,
571 3719 687 3808 utque
721 3707 964 3808 prologorum
997 3715 1135 3780 natura
1161 3704 1245 3800 fert,
1273 3702 1443 3780 omnium
1470 3702 1558 3780 libri
1585 3703 1617 3779 1.
1645 3715 1874 3806 postremam

392 3849 570 3948 scriptam
597 3850 772 3951 protinus
797 3856 972 3944 tuentur,
999 3849 1054 3922 ita
1080 3859 1125 3922 ut
1152 3873 1196 3923 eo
1223 3873 1355 3923 versu:

646 4035 664 4068 ‹
686 4010 728 4075 Et
749 4007 826 4075 mihi
844 4009 911 4093 jam
935 4009 1000 4074 toto
1023 4007 1106 4073 lutor
1128 4007 1177 4073 hio
1199 4025 1258 4073 non
1281 4006 1383 4073 deficit
1406 4018 1484 4072 anuo
1507 4031 1526 4068 »

390 4152 438 4227 de
465 4153 622 4229 discidio
649 4153 801 4230 locutus
828 4153 960 4228 fuisset
986 4151 1216 4252 Propertius,
1235 4150 1339 4251 quod
1366 4160 1574 4225 extremum
1600 4149 1699 4225 illud
1725 4162 1874 4250 tempus

391 4297 637 4372 subsecutum
673 4308 730 4372 est
766 4295 828 4372 cui
863 4306 987 4371 cetera
1020 4293 1108 4369 libri
1144 4293 1313 4369 carmina
1349 4303 1440 4367 sunt
1475 4291 1689 4368 tribuenda.
1724 4293 1873 4366 Horum

391 4439 599 4514 sententiae
634 4438 747 4514 etiam
774 4437 975 4514 Plessisius
1001 4433 1041 4540 (’)
1072 4435 1133 4512 vel
1165 4462 1210 4511 eo
1237 4434 1466 4535 suffragatus
1493 4444 1561 4530 est,
1589 4433 1692 4534 quod
1720 4434 1874 4508 minime

390 4581 462 4656 sibi
496 4581 698 4657 verisimile
731 4580 931 4674 videretur,
959 4578 1167 4684 Cynthiam
1200 4577 1367 4654 levitatis
1400 4576 1501 4652 fama
1537 4577 1710 4653 eximiam
1738 4576 1872 4652 tandiu

392 4723 562 4800 sollicitis
580 4734 713 4825 poetae
738 4723 914 4824 precibus
941 4721 1132 4798 restitisse.
1152 4719 1374 4797 Cuiusmodi
1393 4746 1481 4794 vero
1506 4720 1872 4820 argumentationem

391 4866 522 4944 Girius
536 4865 577 4970 (Δ)
590 4879 721 4944 noster
735 4876 779 4943 ut
795 4865 991 4958 refelleret,
1009 4865 1101 4940 haec
1116 4863 1188 4938 tria
1201 4861 1439 4964 potissimum
1453 4861 1634 4937 adversus
1653 4859 1872 4936 Plcssisium

445 5404 494 5486 (1)
514 5407 708 5476 Hnnrznnac,
730 5405 819 5478 Prop.
840 5401 887 5461 ΕΙ.
908 5399 943 5462 Τ.
965 5399 989 5460 Ι.
1010 5400 1139 5470 Quaest,
1160 5417 1188 5474 p.
1210 5397 1258 5456 42.

445 5504 491 5584 (2)
513 5487 838 5573 Pusss1S,lltud.crit.
860 5519 912 5560 sur
934 5501 1032 5576 Prop.,
1054 5499 1152 5569 Paria,
1176 5497 1253 5555 1881
1275 5515 1302 5572 p.
1323 5495 1391 5554 230.

444 5603 491 5683 (3)
513 5599 726 5672 G.G1a1‚Sul
748 5600 845 5676 primo
866 5599 945 5658 libro
965 5597 1041 5658 dello
1063 5596 1157 5672 clegie
1179 5595 1208 5655 di
1230 5595 1275 5668 P.,
1298 5594 1448 5666 Palermo,
1464 5597 1547 5658 Virzi
1571 5603 1657 5683 18983
1679 5631 1765 5693 pagg,
1789 5621 1869 5685 125,
