4210 6598
856 603 1066 674 ...43-

218 811 325 891 Haec
352 813 452 891 enim
481 811 528 891 el.
560 815 621 891 12.
650 826 706 892 est
733 841 892 891 summa.
920 815 960 920 (¹)
988 815 1073 908 Quo
1100 815 1250 918 quidem
1280 812 1456 907 caruiine,
1486 809 1702 913 praesertim

218 972 384 1062 extremo
417 957 591 1052 disticho,
619 957 668 1032 ad
701 958 862 1058 gratiam
890 957 1080 1062 Cynthiae
1106 956 1414 1058 recuperandam,
1442 954 1583 1057 gradus
1610 953 1703 1029 mihi

217 1101 353 1196 factus,
382 1111 567 1200 quantum
587 1125 611 1173 a
629 1113 739 1200 poeta
762 1110 874 1206 esset,
903 1099 1079 1200 perbelle,
1100 1100 1241 1201 siquid
1269 1099 1359 1174 felix
1385 1098 1511 1189 audio,
1539 1097 1702 1202 videtur.

218 1241 352 1343 Neque
378 1242 418 1318 id
444 1242 594 1336 mirum,
622 1252 690 1318 aut
708 1240 875 1318 insolens
902 1243 1109 1343 Propertio,
1128 1242 1243 1317 immo
1270 1240 1570 1334 usitatissimum,
1589 1249 1704 1340 atque

219 1385 337 1461 totius
363 1383 535 1460 amatorii
562 1382 817 1486 Prop.ope1is
844 1385 1046 1487 praecipua
1064 1385 1156 1460 haec
1179 1383 1285 1460 velut
1312 1383 1487 1460 habenda
1504 1382 1703 1476 sententia,

218 1505 432 1629 quaecum
460 1526 675 1629 saepissime
701 1526 741 1602 in
768 1554 812 1604 ao
840 1539 1026 1623 occurrat,
1054 1527 1108 1602 ita
1135 1525 1286 1603 duobus
1313 1551 1376 1604 vv.
1395 1525 1542 1628 (aa-34)
1568 1526 1608 1600 in
1634 1523 1705 1626 pri·

218 1697 282 1745 ma
308 1669 375 1746 lib.
404 1669 437 1744 I.
465 1669 512 1745 el.
540 1669 616 1744 iam
644 1679 701 1745 est
727 1667 923 1745 conclusa:

555 1847 590 1912 In
614 1865 664 1912 me
686 1847 790 1913 nostra
812 1847 916 1914 Venus
938 1851 1041 1912 noctes
1063 1847 1179 1914 exercet
1200 1866 1338 1925 amurca,

599 1951 640 2018 ut
661 1951 750 2016 nullo
772 1971 888 2018 vacuus
911 1957 1043 2034 temporo
1064 1952 1138 2019 defit
1160 1972 1255 2020 amor.

273 2114 385 2206 Quod
412 2112 444 2189 si
471 2113 509 2189 iu
539 2123 661 2189 totum
682 2113 864 2214 Propertii
893 2115 1117 2190 amatorium
1136 2141 1232 2215 opus
1250 2115 1495 2216 inquirentes,
1514 2115 1555 2191 in
1582 2143 1703 2192 unum

219 2257 350 2333 ordine
378 2256 611 2358 coegerimus
638 2255 742 2332 locos
777 2255 844 2357 qui
878 2255 924 2334 de
951 2255 1032 2332 eius
1059 2253 1224 2358 ingenio,
1258 2269 1445 2358 quantum
1474 2257 1522 2333 ad
1540 2283 1704 2334 amorem

218 2401 392 2504 pertinet,
421 2412 529 2498 sunt,
550 2425 637 2475 cum
656 2400 710 2475 ita
737 2425 822 2475 eum
841 2399 914 2475 sibi
931 2410 1169 2476 constantem
1197 2427 1342 2502 semper
1363 2400 1577 2478 videbimus
1596 2401 1704 2478 atde

218 2545 299 2620 eius
326 2570 452 2620 amore
478 2543 519 2619 in
546 2541 767 2646 Cynthium,
791 2553 920 2618 utrum
947 2569 1060 2619 verus
1086 2569 1137 2618 an
1164 2543 1277 2620 fictus
1299 2542 1359 2638 sit,
1379 2542 1531 2644 qualem
1559 2543 1599 2620 in
1626 2570 1704 2620 car·

217 2686 386 2763 minibus
418 2685 499 2787 ipse
532 2683 739 2787 descripsit,
776 2683 941 2779 minime,
969 2711 1015 2761 ex
1051 2712 1135 2761 mea
1169 2685 1322 2786 quidem
1357 2687 1555 2783 sententia,
1591 2685 1704 2762 liceat

219 2829 409 2926 dubitare;
438 2841 520 2905 tum
538 2828 587 2905 ad
617 2831 678 2904 12.
699 2827 745 2904 el.
765 2826 1043 2922 declarandam,
1064 2853 1198 2930 nempe
1224 2828 1317 2929 quid
1344 2828 1416 2905 sibi
1435 2855 1479 2905 eo
1501 2829 1586 2906 loco
1612 2828 1706 2906 velit

218 2972 412 3076 (quoniam
431 2957 679 3072 Hertzbergio
696 2967 736 3074 (¹)
751 2969 823 3046 hoc
850 2970 1017 3046 carmine
1034 2971 1172 3046 amoris
1199 2969 1355 3047 historia
1371 2971 1583 3072 interrupta
1610 2972 1707 3076 visa)

219 3115 311 3191 satis
347 3141 533 3216 superque
559 3112 794 3190 habebimus.
827 3155 879 3170 —
909 3111 972 3188 Ad
1003 3101 1208 3188 amandum
1236 3126 1416 3217 perpetuo
1443 3125 1581 3190 natura
1607 3143 1707 3191 eom-

219 3270 394 3360 paratum
422 3284 461 3333 se
488 3257 542 3332 ait
577 3267 699 3359 poeta,
727 3281 851 3356 aeque
887 3281 975 3350 pum
1010 3254 1123 3332 semel
1160 3269 1295 3358 captus
1331 3268 1428 3333 esset
1463 3283 1600 3354 amore,
1629 3259 1704 3334 cito

220 3401 408 3477 desistere.
428 3399 567 3476 Omnia
594 3399 665 3474 sibi
693 3425 772 3474 esse
799 3397 1018 3501 Cynthium,
1038 3397 1204 3493 domum,
1224 3411 1409 3500 parentes,
1430 3426 1595 3495 uxorem,
1615 3401 1705 3475 ami-

220 3569 320 3652 eam3
349 3569 512 3643 cumque
530 3541 652 3644 prima
678 3541 821 3635 fuisset,
842 3539 1014 3615 ultimam
1042 3567 1121 3616 esse
1148 3542 1326 3618 futuram.
1346 3539 1499 3620 Ceteros
1519 3554 1705 3618 amatores

220 3713 299 3762 non
326 3685 532 3787 quicquam
563 3682 668 3760 aliud
695 3709 810 3785 quam
842 3682 1000 3784 gloriam
1029 3683 1101 3759 sibi
1129 3683 1175 3758 de
1202 3682 1372 3787 Cynthia
1405 3711 1594 3785 quaerere,
1623 3711 1705 3762 earn

220 3831 326 3906 brevi
354 3826 576 3929 relinquere,
606 3853 728 3927 neque
746 3826 785 3901 in
805 3825 918 3901 rebus
945 3826 1112 3902 adversis
1138 3826 1283 3903 adesse:
1314 3854 1352 3904 se
1380 3853 1468 3904 vero
1496 3855 1705 3930 numquam

219 3973 270 4048 ab
296 3998 341 4047 ea
369 3970 634 4065 discessurum,
654 3981 768 4070 atque
795 3968 844 4044 ad
870 3968 998 4044 omnia
1016 3996 1084 4068 pro
1109 3996 1153 4045 ea
1175 3995 1296 4070 usque
1322 3996 1402 4046 esse
1429 3982 1615 4078 paratum.
1644 3972 1706 4048 In·

220 4113 474 4189 felicissimam
494 4138 533 4188 aa
551 4137 661 4213 agere
689 4111 806 4204 vitam
824 4121 976 4212 propter
1003 4109 1193 4214 Cynthiae
1212 4112 1418 4213 perfidiam,
1437 4113 1492 4188 ita
1509 4125 1554 4189 ut
1572 4113 1706 4190 melius

219 4269 317 4332 esset
333 4255 547 4332 interimere
566 4280 657 4349 sese,
672 4265 740 4329 aut
759 4252 975 4328 saevissimo
994 4253 1131 4353 cuique
1148 4264 1314 4357 tyranno
1333 4255 1482 4332 servire:
1502 4267 1703 4331 cauturum

220 4425 259 4474 se
279 4411 405 4474 tamen
423 4397 615 4474 dominam
634 4407 792 4492 mutare3
816 4395 944 4470 omnia
971 4422 1246 4496 perpessurum,
1275 4424 1362 4473 eum
1392 4398 1461 4474 ribi
1489 4397 1573 4474 leve
1607 4425 1705 4474 onus

219 4543 391 4636 feminae,
407 4538 647 4640 multumque
665 4539 840 4642 prodesse
858 4538 899 4614 in
917 4564 1042 4614 amore
1061 4540 1275 4615 constantia
1294 4539 1495 4616 videretur.
1515 4539 1703 4634 Ceterum,

220 4709 296 4784 quo
315 4681 614 4783 aufugiendum?
636 4675 777 4758 instare
794 4682 894 4757 enim
922 4681 1153 4782 ubicumque
1175 4708 1338 4757 amorem
1354 4709 1468 4784 supra
1486 4698 1614 4784 caput.
1635 4683 1705 4759 De·

219 4827 345 4927 nique,
378 4853 465 4902 cum
494 4826 621 4902 omnia
647 4825 687 4900 in
724 4827 830 4901 terris
858 4837 1068 4921 senescant,
1099 4824 1221 4900 solum
1249 4852 1413 4901 amorem
1441 4853 1518 4902 non
1547 4826 1705 4906 deficere

219 4979 356 5044 aetate:
385 4969 533 5044 absumi
553 4969 692 5044 ferrum
711 4968 897 5068 rubigine,
918 4979 1029 5068 gutta
1047 4967 1209 5068 lapidem
1223 4969 1372 5072 ,cavam
1393 4980 1597 5045 amatorem
1615 4995 1706 5045 vcro

219 5110 368 5212 puellae
385 5110 508 5213 plagis
536 5137 612 5186 non
633 5109 714 5202 teri;
742 5123 1003 5211 contemptum
1027 5137 1171 5212 rogare,
1194 5110 1338 5186 laesum
1366 5112 1403 5186 in
1433 5110 1547 5213 culpa
1566 5139 1604 5202 se
1622 5139 1705 5214 pro-

218 5253 328 5349 fiteri,
351 5264 399 5350 et,
427 5253 603 5354 quamvis
629 5253 751 5330 invito
778 5253 917 5350 animo,
938 5253 1032 5330 ultro
1055 5257 1213 5355 pretium
1240 5257 1469 5353 impetratum
1495 5255 1623 5331 redire.
1653 5299 1705 5312 -

275 5521 323 5602 (1)
344 5522 390 5584 cf.
412 5523 493 5582 Patr.
515 5521 549 5582 ln
571 5519 633 5582 vita
655 5521 685 5580 di
707 5521 785 5582 mad.
807 5521 842 5581 L.
863 5539 926 5582 son.
946 5521 1012 5593 LX,
1033 5521 1129 5582 LXV.

274 5620 322 5700 (2)
343 5619 386 5680 uf.
410 5627 503 5680 nostr.
524 5637 552 5679 n.
574 5637 601 5696 p.
622 5619 691 5679 328.
