4210 6598
885 635 1095 713 „51-

245 847 476 944 bendum,
506 875 637 926 nuno
669 850 790 952 pede
817 849 979 928 libero
1007 864 1104 928 eto.
1133 887 1147 918 ι
1174 851 1308 953 Igitur,
1337 852 1446 928 iuvat
1473 864 1650 954 repetere,
1679 851 1727 928 el.

249 993 310 1068 10.
338 991 406 1068 lib·
434 991 486 1067 Il.
515 1006 618 1069 nerto
645 987 809 1094 quadam
844 990 1126 1096 opportunitate
1162 991 1264 1072 haud
1301 995 1416 1072 dubie
1443 997 1614 1072 condidit
1642 997 1731 1073 Pro·

244 1133 399 1236 pennus,
440 1160 547 1211 anno
583 1135 770 1231 videlieet,
799 1135 987 1236 siqnidem
1017 1137 1206 1214 Bnrunru
1233 1136 1391 1213 calculis
1418 1138 1513 1214 fides
1539 1137 1726 1233 habenda,

246 1279 338 1353 rao.
362 1279 416 1355 ab
442 1301 483 1354 a·
504 1304 555 1374 a,
572 1303 649 1380 qno
677 1279 859 1356 maximas
885 1280 1068 1382 Angusto
1089 1279 1187 1356 Attii
1212 1279 1321 1358 Galli
1345 1280 1390 1356 in
1413 1281 1594 1358 &abiem
1622 1307 1730 1383 expe-

244 1421 338 1498 ditio
365 1441 454 1523 spen
477 1421 733 1498 excitavisset.
757 1420 803 1526 (ί)
1138 1433 1140 1438 ’

295 1563 428 1666 Neque
454 1563 544 1641 huic
572 1564 724 1661 similes,
752 1563 850 1642 idest
874 1592 942 1666 per
967 1565 1183 1642 occasiones
1209 1577 1395 1663 exaratae,
1419 1565 1515 1642 aliae
1542 1567 1729 1668 Propertii

244 1705 383 1783 desunt
415 1706 567 1808 elegiae,
596 1701 808 1784 cuiusmodi
839 1707 1040 1810 praecipue
1072 1705 1262 1785 notandae
1288 1707 1340 1785 Π.
1377 1713 1411 1786 7.
1445 1712 1508 1785 22.
1544 1713 1620 1804 31.,
1653 1707 1726 1785 ΙΙΙ.

243 1853 280 1925 4.
312 1852 347 1926 7.
378 1854 427 1946 9,
455 1877 617 1951 quarum
650 1849 758 1960 nulla
790 1863 916 1928 mmen
949 1863 1016 1948 est,
1051 1851 1083 1929 si
1113 1862 1214 1928 reete
1244 1852 1490 1955 reputaveris,
1518 1878 1617 1953 quae
1649 1879 1727 1928 non

241 2004 329 2094 epte
356 2015 404 2069 ex'
429 1995 632 2070 amatoriae
660 1991 890 2071 narrationis
912 1991 991 2091 filo,
1011 1991 1141 2096 aliqua
1168 1995 1301 2072 saltem
1329 2019 1375 2072 ex
1401 2007 1518 2097 parte,
1539 2007 1726 2072 nectatur.

242 2135 389 2228 Quodsi
414 2149 616 2237 pree-terea,
649 2137 691 2214 in
718 2137 793 2214 hae
816 2135 866 2214 ad
893 2139 1112 2239 Augustum
1140 2137 1271 2240 elegia
1305 2149 1428 2214 totum
1456 2163 1495 2214 se
1521 2163 1601 2214 esse
1628 2137 1729 2214 velle

241 2278 283 2354 in
309 2279 423 2354 rebus
449 2279 565 2380 gestis
584 2273 751 2380 Augusti
777 2279 962 2356 canendis
985 2280 1028 2356 in
1054 2281 1226 2356 laturum
1253 2291 1405 2382 tempus
1430 2278 1616 2382 premittit
1642 2307 1727 2382 poc·

242 2433 293 2513 ta,
321 2421 362 2498 id
387 2445 540 2524 qnoque
558 2447 624 2522 per
642 2420 880 2498 decadonem·
905 2421 1052 2498 &tem
1069 2421 1135 2498 alii
1149 2423 1293 2514 ¹docent
1318 2421 1403 2520 loei,
1424 2424 1566 2525 quibos
1582 2423 1727 2500 in'uliis

239 2563 335 2640 alias
369 2576 658 2666 prosecuturam
691 2585 750 2640 res
784 2566 961 2660 carmine,
995 2587 1082 2641 eum
1115 2583 1228 2641 senex
1261 2565 1386 2642 'iactus
1420 2567 1480 2662 sit,
1514 2567 1723 2668 profitetur.

242 2743 294 2764 -
321 2707 534 2783 Natura-e
565 2706 832 2809 perdiscere
868 2729 1037 2803 utores,
1070 2729 1131 2782 an
1166 2707 1285 2784 dees
1321 2718 1464 2806 esset,
1490 2717 1722 2785 astrorum
1797 2803 1798 2806 Ἴ

240 2861 421 2945 motus,
455 2877 542 2927 our
574 2877 688 2927 suos
721 2851 852 2926 fines
884 2872 1012 2926 mare
1039 2861 1136 2926 non
1167 2851 1335 2947 exiret,
1369 2833 1605 2928 essentne
1637 2851 1726 2928 sub

241 2993 395 3068 terris
423 2991 534 3070 iera
565 2993 782 3088 deornm,
814 2987 1024 3085 similia,
1050 3033 1103 3050 -
1130 3017 1219 3068 eum
1245 2990 1429 3068 Venerem
1456 2992 1584 3094 gravis·
1611 2995 1723 3070 inter-

241 3134 401 3235 cepisset
427 3145 542 3230 aetas,
563 3135 636 3212 sibi
662 3134 846 3236 proponit
866 3134 906 3209 in
934 3131 982 3210 el.
1002 3135 1038 3208 b.
1058 3123 1127 3208 lib.
1145 3129 1234 3228 111,
1253 3133 1294 3212 in
1320 3157 1397 3234 qua
1424 3134 1470 3210 de
1497 3145 1614 3210 semet
1640 3135 1723 3236 ipso

238 3285 389 3352 tantum
416 3277 508 3376 agit.
528 3274 670 3353 Verum
688 3278 728 3352 in
747 3276 794 3352 el.
818 3277 878 3351 17.
899 3275 1065 3352 mandem
1092 3274 1192 3371 libri,
1211 3299 1289 3375 qua
1315 3276 1365 3351 ad
1393 3275 1585 3351 llacohm
1610 3291 1721 3378 poeta

217 3419 411 3520 ,confugit
446 3419 601 3496 liumilis
632 3447 745 3496 orans
767 3429 904 3514 -nt,
935 3419 1175 3520 quoniam.
1206 3445 1436 3495 curarum
1471 3411 1721 3497 medicina

240 3560 386 3638 fieret
412 3588 547 3660 mero,
569 3563 741 3640 vitium
770 3562 1012 3638 anrorisex
1037 3561 1286 3638 animosae
1314 3560 1544 3657 dilueret,
1573 3574 1722 3664 atque

240 3699 515 3780 sollicitum
550 3715 691 3806 oap'ut
722 3706 943 3781 vinceret
969 3728 1153 3806 sopore:
1190 3702 1371 3779 siliaco
1403 3703 1720 3805 impetrasset,

239 3845 362 3948 qnod
390 3860 659 3949 superesset
686 3843 774 3924 sibi
801 3845 926 3924 vitae
948 3871 1027 3950 per
1050 3871 1148 3924 enm
1177 3847 1366 3948 eiusque
1393 3870 1558 3922 cornua
1585 3848 1723 3923 vietu—

238 4014 354 4085 rum,
384 3985 670 4092 virtutisque
698 3987 800 4067 eins
827 4001 1004 4092 poetam
1032 3987 1179 4066 latu-m
1207 3989 1269 4064 iri
1297 3985 1535 4090 polliceri.
1556 3987 1720 4065 -Mae

238 4129 362 4209 cenati
399 4145 647 4234 autem,'qno
679 4129 914 4210 familiariter
938 4146 1051 4235 poeto
1085 4133 1276 4228 utebatur,
1300 4129 1350 4207 ad
1382 4131 1550 4207 carmina
1572 4131 1721 4209 heroica

236 4297 322 4352 eum
350 4273 540 4372 invitanti,
561 4273 716 4352 duobus·
728 4273 946 4378 praesertim
964 4271 1058 4352 iocis
1076 4273 1142 4378 (Π.
1165 4279 1199 4372 1,
1224 4277 1270 4350 17
1291 4301 1393 4376 seqq.
1408 4319 1422 4331 -
1435 4273 1508 4350 111.
1530 4275 1571 4380 9)
1594 4289 1721 4377 aperte

236 4418 405 4494 declarat
426 4463 475 4476 -
494 4417 678 4496 minime
705 4420 761 4495 ad
788 4418 876 4495 hoe
901 4443 1031 4496 snum
1060 4416 1302 4522 ingenium
1331 4430 1501 4494 natura
1528 4443 1627 4493 esse
1655 4443 1721 4493 ac-

237 4565 593 4640 commodatum.
621 4605 674 4622 -·
700 4563 816 4666 Ergo,
835 4561 938 4666 qnod
966 4562 1040 4640 sibi
1065 4587 1142 4640 non
1162 4573 1320 4658 constet,
1341 4585 1433 4637 num
1461 4557 1545 4636 ideo
1568 4571 1718 4662 poetam

235 4705 524 4782 damnabimus?
559 4708 744 4810 Denique,
774 4705 1049 4784 dexteriorem
1091 4705 1269 4781 carminis
1308 4705 1465 4781 formam
1494 4715 1717 4804 spectemus,

235 4876 334 4950 quae
357 4851 407 4926 ad
434 4850 633 4952 prologum
660 4851 783 4951 aptior
810 4850 929 4952 elegia
959 4853 993 4925 9.
1022 4849 1089 4924 lib,
1117 4848 1218 4924 HL?

288 5664 597 5745 maenam
