4210 6598
1052 683 1266 756 ..13-

468 859 628 936 Plurimi
657 869 784 936 autem
816 859 929 954 fuere,
958 859 1246 936 Hemsterhusio
1278 859 1461 962 principe,
1490 861 1556 962 qui
1583 858 1778 936 adolium
1812 857 1902 936 Pro·

413 1002 527 1103 pertii
554 1001 682 1078 locum
709 1002 950 1105 respicientes
977 1002 1067 1106 (III.
1097 1006 1160 1099 24,
1191 1003 1328 1107 9·10.):

710 1240 729 1276 ι
753 1213 838 1297 Quod
862 1215 938 1280 mihi
960 1234 1019 1283 non
1042 1215 1134 1300 patrii
1156 1217 1297 1300 poterant
1319 1217 1461 1282 arcuere·
1476 1215 1579 1294 amin,

753 1341 862 1408 Bluere
883 1343 940 1406 out
962 1343 1050 1407 vasto
1073 1340 1221 1408 Thessala
1243 1361 1322 1425 supa
1344 1341 1432 1420 murt,
1456 1367 1475 1403 »

416 1564 494 1639 quo
522 1537 693 1614 similiter
718 1538 764 1614 de
791 1538 912 1640 magis
939 1537 1146 1638 amicisque
1169 1537 1249 1614 suis
1274 1548 1386 1639 poeta
1413 1563 1500 1614 cum
1528 1549 1667 1639 ageret,
1696 1537 1792 1615 duas
1819 1565 1902 1642 pro·

417 1681 624 1784 positiones
649 1680 838 1782 particula
855 1693 922 1756 cut
937 1679 1148 1776 coniunxit,
1167 1679 1267 1759 hanc
1293 1681 1378 1758 ideo
1404 1708 1473 1782 pro
1490 1693 1533 1776 et,
1551 1707 1666 1782 quam
1693 1679 1781 1757 libri
1802 1680 1902 1758 exhi·

418 1825 511 1902 bent
545 1849 634 1900 mss.
671 1849 814 1918 omnes,
846 1822 1117 1900 restituendam
1154 1821 1225 1900 hoc
1260 1821 1345 1900 loco
1382 1834 1579 1925 putarunt.
1615 1823 1740 1918 Quod,
1775 1823 1900 1920 credo,

417 1966 571 2043 minime
598 1966 786 2062 fecissent,
805 1965 836 2042 si
856 1966 1063 2042 sententias
1090 1991 1169 2042 non
1195 1964 1311 2043 verba
1333 1977 1483 2044 tautum
1501 1977 1752 2067 reputassent.
1771 1964 1901 2042 Facile

418 2110 519 2186 enim
537 2109 610 2186 sibi
627 2109 789 2212 quisque
815 2106 1069 2210 persuadebit,
1088 2135 1220 2185 vocem
1239 2121 1305 2184 out
1321 2108 1517 2210 posteriori
1539 2107 1624 2186 loco
1643 2109 1721 2186 vim
1740 2108 1904 2188 disiunc-

419 2253 537 2330 tivam
572 2278 651 2326 non
688 2251 837 2346 habere,
867 2250 932 2326 sed
958 2261 1073 2352 prout
1106 2277 1219 2352 neque
1248 2249 1411 2353 positam
1440 2262 1482 2326 ut
1508 2251 1549 2327 in
1580 2249 1903 2352 propositionibus

418 2393 662 2498 negantibus,
681 2392 745 2469 cui
770 2392 923 2495 quidem
941 2406 975 2468 et
991 2391 1217 2495 respondeat
1234 2393 1265 2470 si
1285 2394 1436 2496 negatio
1464 2393 1636 2470 tollatur:
1665 2395 1759 2474 adeo
1786 2395 1904 2497 igitur

417 2547 462 2614 ut
489 2535 732 2638 posteriorem
765 2534 869 2611 hunc
896 2534 1024 2615 locum
1056 2546 1189 2614 contra
1220 2548 1335 2638 atque
1363 2547 1554 2636 natusest
1580 2535 1902 2632 Hemsterhusius,

417 2680 468 2760 ad
495 2678 696 2756 lectionem
722 2677 1068 2782 manuscriptorum
1094 2677 1229 2779 prioris
1248 2677 1322 2754 loci
1342 2679 1640 2758 confirmandam
1667 2679 1796 2780 potius
1822 2705 1905 2782 pro·

419 2823 515 2900 ferre
540 2821 741 2926 possimus.

473 2965 521 3042 Id
546 2963 622 3040 iam
650 2976 688 3040 et
714 2961 846 3040 Girius
880 2962 1209 3040 animadverterat.
1238 2962 1314 3044 Sed
1340 2963 1473 3042 Girius
1506 2964 1708 3067 adprobari
1739 2992 1817 3044 non
1851 2965 1905 3045 vi·

421 3109 532 3184 detur
565 3107 606 3184 in
641 3106 953 3208 interpretatione
988 3134 1025 3184 v.
1048 3105 1212 3210 sollario
1246 3105 1300 3212 (v.
1331 3106 1419 3210 19.),
1455 3107 1518 3184 cui
1554 3133 1794 3185 communem
1830 3107 1908 3186 doli

413 3249 568 3355 fraudis
603 3248 783 3326 similium
820 3248 1046 3326 sententiam
1081 3249 1268 3346 attribuit,
1295 3249 1605 3352 interpretatione
1638 3262 1733 3352 puto
1767 3251 1906 3329 ductus

420 3385 548 3496 quam,
576 3403 621 3469 ut
647 3392 747 3468 infra
780 3390 1005 3486 videbimus,
1034 3392 1152 3468 totius
1184 3390 1299 3468 huius
1325 3390 1401 3468 loci
1431 3393 1611 3469 defendit.
1639 3394 1731 3489 Nos,
1759 3392 1906 3472 reiectis

422 3537 577 3615 omnino
604 3561 702 3636 quae
735 3533 797 3612 hic
829 3533 1115 3611 somniaverunt
1147 3532 1372 3635 complures,
1401 3561 1536 3636 nempe
1555 3533 1730 3634 pellacia,
1745 3535 1905 3638 fiducia,

422 3680 593 3772 audacio,
619 3676 788 3770 sollertia,
807 3675 988 3779 fallaciae
1013 3675 1098 3752 loco
1125 3675 1260 3778 posita,
1279 3676 1328 3752 ad
1354 3675 1480 3778 ipsum
1507 3677 1747 3779 Propertium
1773 3703 1907 3778 provo·

422 3848 564 3914 camus,
591 3847 615 3896 a
645 3847 734 3921 quo,
767 3819 823 3896 uti
858 3819 1085 3920 saepissime,
1117 3818 1278 3895 aliorum
1312 3818 1480 3897 locorum
1518 3820 1732 3917 collatione,
1764 3831 1904 3898 rectam

422 3963 770 4064 interpretationem
797 3961 837 4037 in
866 3961 1079 4062 praesentia
1097 3988 1249 4062 quoque
1276 3963 1507 4038 docebimur.
1527 3963 1626 4038 Nam
1654 3964 1694 4039 iu
1722 3989 1766 4040 eo
1793 3990 1906 4041 versu

424 4105 546 4209 (135.)
572 4104 620 4182 el.
652 4111 686 4181 1.
714 4104 782 4181 lib.
810 4104 883 4179 IV:

760 4341 779 4377 ι
802 4319 845 4384 At
868 4319 903 4383 tu
926 4317 1007 4403 finge
1029 4317 1131 4403 elegos
1151 4315 1255 4399 [ullos
1278 4337 1353 4404 opus
1376 4320 1446 4398 etc,
1469 4345 1488 4380 2

423 4514 613 4618 quomodo
631 4514 862 4592 locutionem
881 4513 1010 4616 fallea
1028 4539 1117 4618 opus
1133 4516 1467 4618 interpretabimur
1494 4515 1566 4594 nisi
1587 4532 1714 4620 aptum
1727 4516 1908 4620 saliendis

424 4684 490 4734 seu
508 4657 726 4760 decipiendis
745 4656 907 4758 puellis?
934 4655 1009 4749 Qui
1029 4684 1161 4734 sensus
1188 4659 1228 4736 in
1257 4659 1429 4759 sequenti
1448 4687 1486 4735 v.
1505 4659 1592 4762 (ΙΙΙ.
1614 4662 1650 4758 3,
1671 4659 1750 4763 49.)
1768 4659 1908 4738 clarius

424 4798 634 4902 adparebit:

761 4948 779 4984 r
803 4923 848 4990 Ut
870 4943 922 5008 per
944 4926 976 4990 te
998 4923 1119 4990 clausas
1141 4923 1219 4990 sciet
1241 4930 1407 4992 resumere
1429 4925 1558 5010 puellas.
1581 4952 1599 4988 »

425 5119 575 5212 Quibus
607 5120 638 5195 si
670 5120 823 5198 tertium
850 5144 1002 5221 quoque
1032 5118 1160 5196 locum
1194 5119 1446 5223 adpinganrus
1473 5121 1555 5224 (IV.
1585 5123 1622 5218 5,
1654 5124 1813 5228 13-15.),
1843 5123 1908 5201 ubi

425 5262 471 5338 de
498 5260 585 5337 lena
611 5263 917 5363 quadampoeta
943 5259 1113 5362 loquitur
1140 5261 1199 5338 his
1225 5262 1378 5363 quidem
1405 5263 1547 5342 verbis:

762 5497 780 5533 r
804 5473 913 5540 Audax
936 5478 1079 5539 cantabo
1100 5474 1183 5561 leges
1206 5474 1358 5560 imponere
1380 5477 1472 5544 lunae
1494 5503 1513 5539 »

804 5600 845 5664 Et
867 5619 923 5665 sun
946 5601 1093 5667 nocturno
1114 5599 1225 5682 follere
1241 5603 1335 5688 ,terga
1356 5601 1440 5686 lupo,

763 5723 868 5790 Posset
889 5725 924 5789 ut
945 5725 1078 5792 intentos
1101 5728 1171 5792 astu
1195 5745 1316 5794 caecare
1339 5727 1486 5794 maritos.
1503 5778 1509 5792 .
1525 5771 1539 5808 ,-
1553 5755 1572 5790 ι
