4210 6598
1088 693 1300 764 ..34-

605 902 677 980 En.
709 907 744 978 7.
774 947 826 960 -

497 1045 640 1147 Aliqua
667 1044 861 1148 deperdita
887 1044 1057 1120 carmina
1083 1042 1124 1119 in
1152 1042 1374 1121 hacvoluit
1401 1042 1675 1130 Lachmannus
1701 1054 1790 1146 post
1807 1069 1844 1120 v.
1875 1045 1939 1119 12:

443 1214 521 1288 quo
549 1198 676 1266 tamen
695 1187 776 1264 iure
804 1186 941 1262 viderit
957 1185 1089 1262 lector.
1118 1183 1288 1262 (invisus
1315 1184 1416 1262 enim
1435 1184 1655 1286 Propertius
1673 1195 1731 1264 est
1749 1185 1943 1264 sublatam

444 1329 495 1406 ab
523 1329 700 1442 Augusto
728 1328 850 1430 legem
868 1327 912 1404 dc
937 1327 1154 1404 maritandis
1180 1326 1371 1404 ordinibus
1388 1325 1519 1428 (lepem
1544 1327 1718 1408 monimen
1738 1327 1835 1406 dixit
1861 1327 1943 1402 Ho-

442 1469 588 1574 ratius),
608 1497 697 1571 qua,
717 1469 868 1548 duobus
886 1469 1035 1548 circiter
1059 1480 1150 1545 ante
1174 1468 1287 1544 annis
1314 1467 1450 1562 edicta,
1469 1493 1590 1570 paene
1617 1494 1773 1546 uxorem
1799 1469 1941 1546 ducere

443 1623 595 1714 poetam
623 1611 759 1714 coegit3
786 1608 951 1712 quodie
978 1609 1087 1692 nullo
1113 1621 1226 1713 pacto
1254 1609 1377 1686 lacere
1403 1609 1591 1703 noluerat,
1619 1637 1669 1688 ne
1695 1637 1719 1686 a
1745 1608 1943 1714 Cynthiae

443 1782 572 1832 amore
598 1754 671 1848 sibi
699 1765 797 1832 esset
823 1751 1107 1844 discedendum.
1135 1751 1215 1866 Cur
1241 1751 1355 1846 enim,
1384 1751 1509 1854 pergit
1534 1763 1658 1854 poeta,
1687 1779 1842 1834 uxorem
1870 1753 1943 1828 du·

444 1923 528 1973 cam
555 1895 698 1987 milites
721 1900 987 1996 procreaturus
1019 1892 1192 1972 Caesaris
1219 1892 1427 1980 exercitui?
1453 1893 1561 1974 Haeo
1589 1894 1690 1970 enim
1726 1894 1833 1997 origo
1860 1893 1942 1982 Aa·

444 2049 600 2141 gusteae
626 2037 700 2115 fuit
726 2036 834 2138 legis.
862 2080 914 2094 -·
942 2034 1132 2132 Ceterum,
1167 2035 1244 2115 iam
1278 2034 1427 2137 aliquot
1452 2049 1623 2114 veterum
1658 2035 1856 2132 librorum,
1891 2063 1940 2112 ex
2078 2081 2079 2112 l

445 2181 503 2257 his
530 2180 698 2282 optimus
724 2176 1013 2280 Neapolitanus,
1041 2177 1096 2257 ita
1123 2175 1283 2254 divisam
1312 2176 1411 2254 hano
1440 2176 1599 2280 elegiam
1625 2179 1822 2281 praebent.

605 2463 678 2542 En.
708 2465 745 2538 8.
774 2505 826 2520 «-

421 2643 425 2650 ·
497 2607 684 2684 iunctura
710 2603 882 2697 laborare
909 2602 1009 2680 hanc
1036 2603 1216 2705 opinatus
1241 2614 1300 2679 est
1322 2602 1596 2682 Lachmannus
1622 2614 1711 2706 post
1735 2631 1772 2683 v.
1804 2606 1866 2680 12.
1888 2647 1943 2684 ,-

443 2749 520 2827 Sed
546 2757 753 2849 antequam
786 2744 836 2822 ad
868 2744 941 2822 hoc
969 2743 1093 2841 venio,
1121 2742 1298 2820 nonnihil
1338 2745 1564 2821 morandum
1592 2771 1744 2823 necesse
1774 2758 1870 2849 puto
1896 2745 1940 2824 in

444 2889 676 2992 quibusdam
710 2886 805 2964 locis
841 2885 1092 2980 declarandis,
1129 2911 1226 2986 quos
1259 2911 1327 2987 per
1358 2911 1521 2974 errorem
1555 2884 1823 2989 interpretatos
1859 2915 1943 2975 esse

444 3030 782 3109 Fleis'ohmannum
809 3027 981 3129 aliosque
1007 3027 1204 3106 ostendere
1231 3025 1442 3128 aggredior.

497 3173 550 3249 Et
577 3171 700 3275 primo
724 3169 880 3271 quidem
907 3195 972 3246 vv.
995 3167 1085 3244 7-10
1111 3195 1190 3264 non
1208 3168 1322 3245 amici
1348 3169 1466 3246 verbo
1484 3195 1564 3247 esse
1591 3171 1794 3269 contendo,
1819 3171 1941 3250 veluti

444 3315 740 3408 Fleischmenno
766 3310 1059 3389 Lachmannum
1079 3323 1211 3389 secuto
1228 3309 1375 3413 placuit
1400 3309 1453 3414 (¹),
1481 3323 1526 3388 nt
1553 3312 1585 3388 si
1612 3339 1742 3392 secum
1759 3341 1847 3392 eum
1864 3315 1943 3393 ool·

442 3457 664 3559 loquentem
699 3452 912 3552 induxisset
945 3464 1068 3555 poeta;
1096 3463 1138 3528 at
1164 3451 1332 3529 eiusdem
1366 3454 1494 3555 potius
1529 3465 1674 3556 poetae,
1702 3481 1816 3557 quem
1851 3456 1941 3559 plus
2078 3395 2079 3460 l

444 3598 560 3678 semel
585 3597 627 3676 in
655 3595 735 3674 suis
759 3595 993 3674 carminibus
1020 3621 1150 3673 seeum
1186 3595 1311 3697 ipsum
1348 3595 1663 3674 sermocinantem
1695 3597 1942 3700 deprehendi·

443 3909 542 3987 quae
569 3891 793 3984 sequuntur,
816 3877 929 3956 amici
947 3878 1164 3982 exciperent
1182 3853 1314 3982 verbo)
1330 3891 1476 3981 quanto
1495 3880 1637 3958 rectius
1649 3881 1940 3986 elegantiusque

445 4025 506 4122 sit,
534 4022 774 4124 sermonique
800 4021 916 4100 buius
944 4020 1087 4124 elegiae
1113 3999 1317 4124 praerupto
1335 4032 1373 4098 et
1391 4021 1584 4100 concitato
1601 4025 1938 4124 accommodatius,

443 4143 646 4272 postquam
673 4163 874 4267 questibus
901 4173 939 4241 et
964 4163 1043 4240 irae
1069 4162 1271 4266 paululum
1306 4162 1468 4241 indulsit
1494 4176 1607 4268 poeta
1638 4165 1717 4270 (vv.
1744 4168 1850 4271 1-6.)‚
1874 4196 1943 4248 na-

445 4311 566 4406 tureli
587 4309 753 4411 quadarn
780 4307 898 4400 animi
924 4305 1180 4404 contentione,
1201 4306 1328 4382 subito
1356 4306 1464 4386 velut
1489 4307 1695 4410 resipienti,
1722 4309 1941 4414 quietisque

445 4452 600 4544 tandem
619 4476 642 4545 a
660 4449 763 4544 curis
788 4447 995 4550 appetenti,
1012 4446 1086 4548 ipsi
1113 4445 1218 4524 illam
1236 4473 1391 4550 gravem
1415 4447 1580 4526 tribuere
1603 4449 1850 4531 sententiam!
1873 4452 1939 4531 Ab

444 4621 489 4672 ea
515 4619 605 4670 vero
633 4574 762 4669 statim
790 4589 1021 4692 cogitatione
1048 4598 1203 4666 sevocat
1228 4614 1362 4675 rursus
1387 4589 1604 4668 meminisse
1630 4591 1797 4693 perfidae
1831 4593 1938 4697 puel.

444 4736 517 4832 lae,
545 4758 777 4834 suorumque
802 4731 843 4807 in
871 4757 954 4808 eam
982 4740 1040 4806 tot
1066 4754 1262 4832 perperam
1289 4728 1573 4826 beneficiorum
1591 4757 1669 4833 qua
1687 4733 1769 4810 sine
1796 4744 1938 4832 maren,

444 4877 541 4954 cum'
559 4873 669 4952 nulla
683 4872 756 4974 sibi
770 4870 1041 4966 itcuravitae
1059 4869 1124 4975 (cl.
1140 4871 1173 4947 1.
1196 4871 1352 4974 11,22),
1382 4906 1398 4964 ς
1425 4897 1513 4950 cur
1538 4872 1701 4975 igitur
1725 4875 1897 4977 potius
1916 4913 1933 4944 ι

444 5044 484 5094 se
510 5017 685 5093 hortatur
722 5050 738 5082 e
764 5023 955 5091 mortem
981 5011 1095 5089 mihi
1123 5038 1214 5088 non
1242 5011 1563 5090 consciscam?
1588 5050 1605 5082 a
1638 5013 1691 5118 (v.
1722 5015 1797 5120 17).
1827 5017 1939 5096 Mira·

444 5159 559 5238 bilem
587 5184 679 5235 sane
706 5155 888 5234 concitati
915 5153 1032 5230 animi
1059 5153 1362 5257 descriptionem,
1391 5155 1454 5233 cui
1479 5154 1652 5253 similem,
1676 5157 1709 5234 si
1734 5158 1828 5260 quid
1855 5187 1939 5238 sen-

444 5301 510 5395 tio,
538 5299 604 5374 vix
629 5296 793 5400 reperias
826 5295 932 5399 apud
965 5306 1108 5373 ceteros
1135 5295 1309 5373 amatorii
1342 5296 1522 5374 carminis
1548 5295 1698 5376 latinos
1723 5299 1935 5404 scriptores:

499 5536 660 5550 μ

496 5671 545 5753 (1)
567 5627 590 5734 ιζ
613 5689 641 5750 p.
664 5671 713 5732 19.

314 3789 318 3794 -
442 3768 541 3820 mus.
560 3739 688 3841 Atque
706 3738 810 3836 mihi,
829 3764 984 3840 quaeso,
1003 3737 1201 3814 considera
1219 3735 1605 3840 (praeterquamquod
1623 3739 1750 3842 inepte
1768 3741 1939 3840 omnino,
2078 3753 2079 3830 l
