4210 6598
1054 647 1265 722 ...60-

415 859 543 936 minus
570 871 658 934 tres
689 861 888 961 inteprcs
920 858 1090 954 libror,
1118 859 1387 961 potiusquam
1414 859 1513 937 tria
1544 858 1763 936 carmina
1789 853 1899 936 intel·

413 1000 650 1103 legeremus?

466 1145 547 1225 Iam
567 1171 668 1238 vero,
686 1144 868 1246 quoniam
894 1143 986 1222 setis
1004 1154 1062 1222 est
1081 1143 1379 1248 demonstratura
1399 1169 1469 1222 uec
1488 1141 1622 1222 uulua
1649 1167 1717 1244 pro
1735 1140 1904 1242 singulis,

412 1288 634 1363 carminibus
651 1286 965 1388 interpretandos,
986 1314 1055 1363 nec
1074 1284 1447 1386 transponerem
1467 1297 1511 1366 ut
1531 1311 1678 1368 sucrum
1695 1311 1898 1390 numerum
1937 1371 1940 1378 Δ

412 1429 691 1531 accipiendum
719 1442 825 1506 estne
856 1429 1019 1531 denique
1051 1455 1120 1507 cur
1145 1442 1214 1504 tras
1244 1428 1500 1523 determinate,
1529 1453 1597 1538 pro
1624 1424 1795 1536 quolibet
1821 1425 1898 1501 alio

409 1597 580 1667 numero,
609 1569 784 1654 consulto
817 1569 952 1647 dixerit
982 1569 1229 1672 Propertius?
1255 1570 1317 1646 Ad
1346 1570 1438 1648 haec
1471 1570 1562 1647 satis
1589 1596 1629 1646 se
1659 1568 1898 1670 respondisse

410 1713 611 1794 Plessisins
642 1723 766 1816 putat,
794 1739 1091 1790 commemorans
1123 1757 1176 1769 -
1205 1749 1220 1780 ι
1246 1739 1387 1814 quam
1420 1711 1705 1788 ordinatum
1736 1736 1790 1786 ac
1825 1708 1899 1787 di·

410 1854 636 1957 ligentem
668 1857 716 1930 in
749 1855 1070 1956 componendo
1101 1881 1248 1958 usque
1284 1855 1428 1936 Poeta
1457 1854 1763 1962 repraebest:
1801 1889 1897 1920 »-

408 2023 477 2098 pro
504 1998 645 2099 quibus
672 1996 826 2074 minime
852 2023 929 2074 rem
957 1995 1249 2100 explicantibus,
1270 2023 1348 2074 rem
1376 1997 1509 2098 ipsam,
1528 1997 1683 2099 quando
1709 1993 1807 2074 aliae
1834 1997 1898 2072 de·

294 2209 308 2220 .
409 2140 584 2220 fecissent
614 2139 790 2236 rationes,
819 2138 956 2216 vellem
978 2139 1104 2241 potius
1136 2137 1184 2215 V.
1213 2139 1261 2216 D.
1289 2139 1573 2236 considerasset,
1610 2139 1732 2216 tribus
1763 2163 1897 2242 reapse

408 2283 514 2360 libris
542 2310 638 2386 opus
665 2283 850 2385 Propertii
877 2283 1101 2360 amatorium
1129 2281 1348 2360 absolutum
1376 2309 1467 2364 csse.

461 2425 536 2508 Sed
568 2453 689 2510 unum
720 2453 810 2532 prae
841 2426 1019 2504 omnibus
1050 2426 1091 2502 in
1122 2425 1194 2502 hoc
1225 2426 1472 2528 premendum
1499 2425 1592 2504 mibi
1616 2425 1778 2522 videtur,
1801 2425 1897 2504 Um·

407 2569 519 2645 brnm
546 2565 823 2645 Callimachum
850 2596 937 2646 cnm
956 2569 1109 2670 ingenio
1135 2568 1499 2671 praestantissimum
1523 2595 1710 2670 suumque
1737 2569 1894 2646 omnino

406 2711 445 2788 iu
474 2711 842 2813 inveniendumque
874 2711 915 2788 in
946 2710 1198 2814 exprimendis
1224 2711 1341 2787 animi
1364 2713 1549 2808 sensibus,
1566 2715 1657 2788 ¹tum
1686 2711 1893 2814 piurimum

406 2855 522 2930 fuisse
548 2853 589 2930 in
620 2853 781 2931 lectione
808 2865 1015 2930 ceterorum
1041 2854 1211 2930 omniurn
1239 2853 1463 2955 scriptorum
1491 2853 1729 2950 Latinorum,
1757 2879 1896 2955 acqua-

406 2995 499 3070 lium
535 2995 753 3097 praesertim
789 2994 984 3097 temporis,
1022 3006 1285 3096 quantumque
1312 2995 1437 3096 potnit
1467 2995 1517 3072 ad
1553 2996 1780 3097 optimorum
1812 2995 1895 3072 imi·

407 3139 588 3216 tationcm
625 3167 665 3216 se
700 3138 967 3242 composuisse.
998 3139 1056 3224 De
1088 3165 1177 3244 quo,
1214 3163 1301 3222 cum
1337 3136 1525 3222 nonnulla
1552 3138 1707 3239 proferri
1745 3138 1894 3244 possint

407 3281 559 3379 indicia,
594 3281 641 3358 de
677 3281 860 3357 librorum
897 3307 1066 3372 numero,
1097 3281 1153 3361 uti
1190 3279 1338 3364 occasio
1373 3280 1596 3378 tereschia
1632 3279 1694 3358 hic
1729 3279 1894 3370 sufficiet

408 3436 580 3500 tractare.
609 3423 762 3500 Etenim
790 3423 820 3500 si
847 3422 1112 3500 excellentium
1139 3423 1397 3500 Romanorum
1425 3435 1621 3526 poetarum
1649 3449 1763 3526 opera
1789 3449 1895 3524 spec·

404 3574 538 3660 temus,
575 3566 716 3669 quibus
752 3565 1001 3668 scriptionum
1037 3592 1176 3668 genera
1211 3564 1287 3643 iam
1323 3565 1418 3668 ipsa,
1450 3579 1588 3643 natura
1625 3593 1706 3662 sun,
1743 3581 1892 3644 certum

404 3709 595 3811 quendam
613 3709 799 3790 ambitum
817 3736 895 3785 non
924 3709 1232 3812 praescriberent,
1252 3709 1379 3786 omnin
1406 3707 1467 3786 vel
1488 3709 1520 3786 1.
1540 3721 1703 3809 tantum,
1730 3708 1791 3786 vel
1815 3709 1890 3786 ΙΙΙ.

406 3851 591 3928 contineri
619 3850 725 3929 libris
752 3853 827 3928 iere
855 3851 1080 3928 videbimus.
1110 3897 1162 3908 —
1188 3851 1220 3928 Ι.
1248 3851 1400 3948 librum,
1429 3851 1504 3928 iam
1532 3863 1621 3930 aute
1651 3852 1891 3954 Propertium

404 3993 572 4070 ediderat
603 3993 789 4072 Catullus.-
816 3993 889 4070 ΙΙΙ.
914 4019 991 4070 uon
1020 3992 1184 4095 amplius
1210 3992 1319 4070 libris
1348 3993 1575 4071 concludere
1601 4021 1696 4096 opus
1724 3993 1889 4102 lyricum

404 4136 604 4212 Horatium
631 4136 805 4213 statuisse
833 4135 988 4218 scimus:
1017 4135 1091 4213 ΙΙΙ.
1111 4134 1228 4211 libros
1255 4121 1421 4238 (dempto
1448 4135 1516 4242 qni
1542 4162 1647 4212 nunc
1674 4137 1795 4214 fertur
1820 4149 1893 4214 ter-

408 4277 497 4384 tius)
523 4278 739 4379 publicasse
770 4277 955 4358 Tibullum
995 4277 1298 4380 probabilissima
1338 4279 1486 4380 assequi
1518 4304 1719 4381 possumus
1746 4277 1904 4356 conice?

405 4433 502 4496 tura.
532 4421 624 4497 Post
650 4447 739 4497 vero
775 4420 1012 4531 Propertium
1043 4419 1114 4497 hoc
1141 4420 1180 4496 in
1210 4448 1322 4502 nsum
1358 4435 1549 4532 receptum
1577 4421 1692 4501 fuisse
1729 4427 1891 4500 testatur

409 4560 574 4656 Ouidius,
600 4563 678 4666 qui,
708 4563 858 4644 duobus
888 4563 1054 4658 resectis,
1081 4559 1154 4638 III.
1183 4562 1387 4645 Amorum
1419 4563 1557 4642 libros
1588 4562 1752 4667 reliquit.
1781 4563 1890 4644 ldem

405 4703 477 4779 III.
498 4704 615 4781 libros
634 4705 784 4808 scripsit
810 4705 872 4780 De
899 4704 1004 4780 Arte
1032 4704 1272 4802 Arnatoria;
1293 4705 1326 4780 Ι.
1346 4705 1408 4781 De
1436 4691 1802 4785 Medicaminibns
1828 4707 1891 4783 ia-

404 4847 504 4943 ciei3
523 4846 554 4923 Ι.
583 4848 645 4923 De
663 4845 882 4924 Rcmediis
908 4847 1091 4924 Amoris.
1124 4848 1256 4953 Neque
1279 4847 1388 4924 aliter
1415 4849 1608 4925 Phaedrus
1626 4847 1666 4956 (¹)
1685 4850 1889 4928 terminum

402 4989 505 5092 operi
532 4988 589 5092 (ut
615 4990 735 5091 ipsius
762 5001 850 5066 utar
876 4989 1015 5096 verbis)
1037 4989 1078 5066 in
1106 4990 1178 5066 ΙΙΙ.
1207 4987 1305 5066 libro
1341 5001 1508 5068 statuere
1532 4991 1753 5073 destinarat.
1780 4993 1888 5070 Idem

401 5144 529 5208 autem
562 5131 734 5230 Ovidius,
762 5131 864 5236 quod
892 5131 1013 5232 magis
1049 5132 1172 5223 refert,
1201 5131 1242 5208 in
1269 5133 1315 5209 iis
1342 5133 1518 5235 operibns
1554 5134 1595 5210 in
1631 5137 1888 5236 quibuscum

401 5274 584 5350 librorum
620 5301 819 5352 numerum
855 5271 1025 5370 excessit,
1052 5273 1094 5350 in
1121 5274 1323 5372 Tristibus,
1352 5275 1452 5374 dico,
1472 5267 1594 5378 'inque
1623 5277 1812 5380 Epistulis
1840 5306 1888 5356 ex

454 5665 501 5744 (1)
523 5667 567 5728 Gi.
588 5667 727 5728 ultimum
750 5683 870 5726 curruca
894 5667 945 5728 lib.
967 5666 1212 5744 mapinium
1236 5666 1289 5727 lib.
1309 5667 1362 5728 IV.
