4210 6598
846 680 1058 754 ...23-

208 856 338 934 velim:
371 885 449 959 qua
474 855 627 960 quidem
659 859 789 954 Poeta,
818 858 910 935 satis
942 881 1129 960 superque
1161 857 1356 935 saevitiam
1388 858 1538 964 puellae
1570 871 1694 962 pertu-

207 999 297 1077 lisse
328 1001 484 1098 ducens,
513 1015 629 1102 atque
655 1003 793 1078 amoris
825 1003 969 1078 ditione
999 1001 1159 1078 eximere
1191 1029 1231 1078 se
1261 1002 1438 1104 gestiens,
1467 1005 1695 1081 cumines

209 1143 266 1219 nil
292 1143 399 1224 aliud
425 1144 649 1245 profecisset·
669 1145 744 1220 nisi
771 1155 816 1220 ut
841 1144 944 1220 uallo
970 1147 1105 1220 11111111
1133 1145 1294 1237 seruilio,
1321 1156 1359 1222 et
1385 1158 1512 1241 coctos,
1538 1146 1611 1222 hoc
1638 1159 1696 1222 est

210 1311 369 1384 asperos,
395 1286 509 1362 1111111
539 1285 719 1362 didicisset
740 1285 895 1386 puellos,
922 1286 1092 1391 Cynthia
1124 1287 1277 1364 tandem
1310 1286 1555 1386 discessurus,
1584 1313 1695 1389 sagas

211 1427 429 1528 alloquitur,
448 1455 546 1530 quae
573 1455 715 1530 poenas
732 1429 783 1505 ab
800 1427 867 1505 illa
884 1439 1086 1530 reposcant
1107 1426 1220 1505 simili
1238 1455 1284 1505 ac
1302 1455 1396 1506 suus
1416 1429 1560 1527 luisset,
1580 1443 1695 1534 atque

211 1571 324 1645 etiam
355 1570 636 1666 vehementiori,
666 1571 900 1673 exagitantes
931 1572 1073 1669 furore,
1100 1571 1242 1647 amicos
1268 1597 1369 1667 vcro,
1399 1583 1454 1671 ut,
1483 1574 1532 1649 ad
1563 1601 1697 1676 propo·

210 1713 324 1788 situm
352 1713 635 1814 perficiendum,
663 1714 704 1789 in
732 1711 944 1790 subsidium
972 1711 1140 1810 veniant,
1165 1739 1288 1815 neque
1315 1713 1433 1790 ullam
1461 1721 1712 1816 praetereant,

210 1881 320 1957 opem
339 1882 426 1932 cum
445 1856 525 1958 ipse
542 1856 779 1958 paratissimo
798 1856 925 1932 animo
944 1856 993 1932 sit
1011 1857 1138 1933 omnia
1165 1857 1362 1952 sustinere,
1381 1857 1442 1933 vel
1462 1859 1573 1934 etiam
1593 1859 1696 1936 adire

212 2009 397 2073 extremas
423 2010 555 2099 gentes
581 2026 657 2099 quo
687 1998 793 2074 11111
820 1965 989 2074 sinaites·
1005 1997 1154 2100 scaniae
1183 2025 1326 2075 noscere
1349 2003 1476 2099 possit.
1505 2000 1552 2076 In
1580 2026 1697 2102 quam

211 2169 290 2218 rem
317 2141 458 2243 optime
484 2141 588 2217 cadit
609 2141 717 2217 loeus
744 2139 809 2216 ille
835 2137 1061 2218 Petrarohac
1088 2141 1150 2244 (ln
1178 2125 1313 2218 vita'di
1333 2143 1384 2217 M.
1404 2142 1450 2218 L.
1471 2169 1553 2220 son.
1572 2143 1695 2238 LXV,

214 2312 251 2360 v.
283 2284 394 2387 1-4.):

416 2541 420 2549 “
508 2559 526 2594 ‹
549 2535 583 2600 Io
605 2553 659 2600 son
682 2532 892 2618 dell’aspettar
914 2533 995 2600 omai
1017 2541 1047 2599 sl
1068 2534 1154 2598 visto

550 2661 575 2725 E
598 2659 680 2726 111111
702 2659 798 2744 lunga
820 2677 930 2744 guerra
952 2658 1000 2724 de’
1024 2659 1142 2742 sospiri,

550 2783 640 2852 ch’i’
663 2785 757 2868 oppio
779 2784 815 2848 iu
837 2783 906 2848 odio
927 2783 959 2849 11
981 2803 1085 2868 sperne
1107 2803 1124 2851 e
1145 2784 1157 2849 i
1178 2783 1269 2850 desiri

549 2909 596 2976 Ed
619 2909 690 2996 ogni
711 2909 807 2975 laceio
829 2905 905 2974 onds
929 2906 950 2972 ’l
974 2907 1036 2974 mio
1061 2927 1112 2974 cor
1132 2910 1149 2974 e
1172 2909 1306 2976 avrinto.
1333 2935 1352 2971 »

268 3176 400 3282 Neque
426 3189 615 3254 attentum
642 3175 820 3253 lectorem
843 3173 982 3277 fugerit
1008 3174 1062 3252 ita
1088 3174 1212 3252 lucem
1240 3175 1290 3251 ali
1319 3176 1431 3252 etiam
1459 3177 1699 3254 vexatissimo

215 3321 300 3400 loco
327 3322 494 3399 eiusdem
521 3320 700 3396 carminis
727 3320 919 3395 admotam
946 3344 1038 3414 esse,
1066 3345 1201 3420 nempe
1228 3347 1265 3394 v.
1294 3317 1375 3422 (5.):

510 3629 529 3666 ι
552 3607 654 3672 Donec
677 3625 726 3715 me
748 3603 852 3670 docuit
874 3606 978 3669 11111111
999 3600 1097 3670 odisse
1119 3600 1249 3685 puellas,
1273 3628 1291 3664 »

218 3885 263 3935 ex
294 3885 371 3959 quo
406 3855 577 3932 nondum
613 3851 846 3956 probabilem
880 3879 1032 3930 sensum
1069 3850 1275 3930 elicuerant
1309 3852 1380 3928 viri
1414 3854 1528 3950 docti,
1559 3855 1701 3957 quippe

216 3999 386 4103 quodid
413 3997 526 4101 plane
552 3997 702 4098 assequi
733 3996 933 4096 nequirent
959 3994 1026 4095 qui
1052 3994 1288 4096 Propertium
1319 3992 1510 4098 Cynthiae
1537 4024 1701 4072 aurorem

217 4169 371 4245 quoquo
402 4140 515 4216 modo
549 4150 790 4240 captaturum
826 4136 926 4212 hanc
959 4135 1118 4237 elegiam
1153 4136 1345 4238 scripsisse
1379 4147 1562 4215 tenerent.
1596 4139 1702 4231 Quas

219 4285 320 4362 enim
346 4283 417 4358 hac
444 4278 754 4383 interpretatione
784 4280 999 4380 putandum
1025 4279 1099 4355 fuit
1125 4293 1241 4354 custos
1267 4278 1478 4380 appellatas
1505 4281 1652 4382 puellas
1679 4309 1702 4357 a

217 4426 414 4528 Propertio
441 4423 547 4500 esse?
573 4468 626 4480 —
657 4421 785 4500 Castae
803 4447 892 4523 ergo
915 4432 1006 4496 sunt
1023 4420 1095 4497 hoe
1122 4419 1206 4496 loco
1225 4421 1374 4523 puellae
1400 4449 1510 4523 quae
1537 4423 1701 4498 molliri

221 4579 462 4646 amatorum
496 4562 729 4642 blanditiis
760 4561 936 4640 minime
970 4589 1013 4638 11
1047 4564 1282 4664 patiuntur
1308 4591 1376 4661 ·-;
1405 4575 1520 4666 atque
1547 4565 1594 4641 de
1620 4567 1703 4642 uni-

218 4711 337 4788 versis
367 4737 455 4786 cum
482 4707 662 4810 loquatur
694 4718 817 4809 poeta,
845 4704 893 4780 ad
922 4702 1130 4808 Cynthium
1158 4705 1359 4807 praecipue
1393 4719 1562 4808 spectare
1593 4707 1703 4784 facile

219 4855 423 4956 colligitur,
444 4878 559 4953 quam
586 4849 815 4951 cogitatione
842 4875 969 4925 secum
997 4848 1156 4949 opponit
1182 4847 1383 4952 Lycinnae
1409 4848 1568 4951 aliisque
1595 4851 1704 4952 vagis

217 4995 517 5098 vulgaribusque
553 4990 702 5093 puellis,
734 4990 875 5090 quibus
911 4987 1088 5115 deceptis,
1120 4999 1324 5090 antequam
1356 4991 1477 5066 oculis
1513 4990 1703 5096 Cynthiae

219 5150 354 5240 captus
380 5138 422 5213 in
445 5136 608 5238 primum
635 5160 768 5211 verum
795 5159 959 5208 amorem
986 5131 1180 5228 incideret,
1200 5145 1397 5208 constantes
1416 5133 1540 5235 fastos
1567 5136 1703 5212 ducere

221 5282 368 5359 soleret.

273 5424 458 5523 Denique,
492 5447 540 5497 ne
572 5417 724 5520 longius
755 5416 997 5492 immoremur
1027 5414 1068 5489 in
1099 5412 1172 5489 hac
1204 5413 1440 5510 tractatione,
1473 5442 1705 5517 quamquam

220 5567 333 5670 plura
360 5565 470 5642 nohis
497 5564 556 5642 his
583 5563 706 5639 dicere
734 5570 835 5656 suut,
856 5558 951 5633 sicui
978 5557 1116 5633 mirum
1143 5554 1336 5633 videbitur
1361 5557 1611 5658 Propertium,
1637 5557 1704 5658 qui

221 5738 288 5813 per
315 5722 437 5788 totum
464 5709 633 5808 quinque
664 5730 851 5781 annorum
879 5701 1043 5804 spatium
1071 5701 1125 5776 ite
1151 5725 1191 5776 se
1218 5701 1290 5778 sub
1322 5700 1406 5776 iura
1432 5701 1704 5778 morosissinrae
