4210 6598
1053 683 1263 758 -30-
1358 619 1363 632 ·

221 899 226 906 '
365 946 368 962 .
428 904 696 990 «praecepto
727 918 811 968 esse
838 893 1298 997 Propertie‘,·ncmpe
1325 895 1532 972 eiusdem
1564 895 1751 998 generis
1777 921 1894 998 quae

417 1033 597 1112 habent
623 1033 670 1110 hi
697 1061 815 1137 quos
841 1035 1069 1114 hactenus
1091 1037 1137 1114 in
1162 1039 1355 1115 medium
1384 1038 1651 1116 attulimus:
1684 1052 1746 1133 ut,
1770 1051 1892 1140 puta,

418 1174 665 1271 Anacreon,
702 1177 776 1278 qui
807 1204 903 1254 cum
939 1177 1051 1256 nihil
1084 1178 1207 1258 alind
1233 1183 1480 1283 praecipiat
1510 1181 1596 1258 nisi
1627 1207 1723 1259 cum
1757 1181 1894 1258 multo

427 1319 622 1394 Venerem
653 1319 913 1422 confundere
944 1324 1041 1398 vino
1071 1321 1150 1426 (Tr.
1178 1322 1231 1398 II.
1261 1322 1444 1427 363·64.),
1473 1323 1535 1399 ita
1566 1335 1609 1400 et
1638 1324 1895 1426 Propertius

417 1456 596 1536 cecinit
629 1459 698 1564 (ΙΙ.
730 1463 792 1558 15,
822 1465 870 1538 37
900 1461 1035 1567 seqq.):

731 1780 820 1862 Quod
843 1781 918 1848 mihi
940 1783 967 1848 si
988 1801 1092 1850 secum
1115 1783 1193 1850 tulos
1216 1783 1375 1851 concedere
1397 1786 1500 1852 noctes

774 1888 835 1954 lllc
858 1888 942 1968 velit,
966 1890 1048 1956 vitae
1070 1889 1180 1976 longus
1202 1893 1234 1958 et
1255 1910 1353 1957 nunus
1375 1891 1446 1960 erit:

730 1994 763 2060 Si
785 1994 872 2062 dubit
893 1997 968 2062 haee
990 1996 1116 2076 multas,
1140 1997 1212 2064 fiam
1234 1998 1417 2066 immortalis
1439 1999 1471 2065 in
1493 1999 1564 2065 illis.

774 2101 872 2168 Nocte
893 2122 955 2168 una
977 2103 1077 2188 quivis
1099 2104 1148 2169 rel
1169 2103 1245 2171 deus
1267 2125 1332 2172 esso
1353 2107 1463 2190 potest.

732 2208 860 2290 Qualem
881 2209 913 2274 si
934 2210 1038 2275 cuncti
1058 2216 1203 2293 cuperent
1223 2211 1503 2278 decurrereuitum

773 2315 820 2380 Et
835 2317 942 2398 pressi
962 2315 1059 2386 mulio
1080 2318 1216 2384 membro
1237 2321 1338 2386 meere
1358 2339 1452 2399 meo,

614 2427 615 2431 ’
727 2423 796 2490 Non
819 2423 933 2489 sermm
953 2422 1076 2489 crudele
1098 2443 1193 2508 nequo
1216 2428 1296 2493 essct
1318 2430 1376 2495 etc.
1399 2429 1442 2513 (¹)

468 2747 621 2850 Optimo
648 2759 839 2849 practerea
856 2747 997 2825 iudicio
1023 2748 1340 2826 Fleischmannus
1366 2748 1489 2826 facere
1507 2749 1600 2825 mibi
1626 2748 1788 2846 videtur,
1808 2776 1897 2826 cum

415 2902 524 2994 putet
540 2859 595 2968 ibi
613 2917 652 2968 se
671 2890 766 2968 forte
784 2890 833 2967 ad
851 2903 992 2968 certam
1019 2893 1220 2994 praecipue
1237 2893 1423 2995 Propertii
1447 2892 1606 2994 elegiam
1624 2892 1804 2970 Ovidium
1826 2903 1897 2968 ret·

415 3035 558 3131 tulisse,
587 3034 637 3112 ad
664 3038 701 3110 5.
731 3033 875 3111 scilicet
901 3034 968 3111 lib.
996 3035 1078 3133 IV,
1105 3036 1147 3111 in
1174 3062 1251 3138 qua
1276 3035 1444 3139 puellam
1470 3036 1611 3113 docens
1637 3035 1725 3112 lena
1750 3034 1897 3111 induci·

416 3190 489 3275 tur,
519 3205 606 3256 cum
634 3178 724 3256 huic
752 3178 865 3281 plane
892 3177 1025 3255 similis
1051 3179 1101 3256 sit
1126 3179 1247 3281 elegia
1275 3182 1311 3256 8.
1330 3179 1398 3256 lib.
1425 3179 1457 3256 Ι.
1478 3179 1565 3257 Am.
1593 3178 1739 3256 Ovidii:
1768 3190 1809 3254 at
1835 3206 1896 3256 ve·

416 3311 499 3398 reor
526 3332 571 3399 ut
596 3335 785 3423 quantum
813 3322 945 3399 debuit
972 3348 1041 3399 sua
1066 3323 1147 3429 ipse
1173 3349 1267 3400 usus
1284 3321 1334 3398 sit
1352 3322 1688 3425 argumentatione.
1708 3321 1770 3399 Ad
1797 3321 1897 3399 hanc

416 3465 517 3542 enim
552 3463 790 3576 firmandam,
819 3477 1030 3567 opportune
1057 3464 1112 3542 illi
1140 3465 1214 3542 fuit
1245 3464 1469 3561 notandum,
1497 3465 1610 3540 etiam
1644 3489 1689 3540 ec
1721 3489 1820 3566 quae
1846 3465 1896 3540 ab

416 3608 566 3705 Ouidio,
594 3607 679 3685 loco
706 3620 923 3705 memorato,
943 3608 1074 3684 furtivi
1101 3609 1238 3685 amoris
1255 3619 1455 3711 praecepta
1477 3606 1634 3684 Tibullo
1663 3608 1896 3704 tribuuntur,

415 3779 461 3828 ex
479 3781 556 3828 aaa
583 3751 800 3828 contumel.
820 3750 1112 3829 Tibulliomnia
1134 3751 1319 3852 exscripta
1345 3778 1425 3828 csse
1451 3751 1496 3854 (Ι.
1519 3751 1584 3854 6.):
1614 3776 1737 3854 neque
1763 3762 1898 3827 contra

415 3893 658 3997 decerequod
684 3895 903 3996 Propertius
922 3895 1013 3971 diris
1038 3894 1163 3972 lenam
1187 3894 1360 3990 devovet,
1380 3921 1466 3971 cum
1485 3868 1569 3970 ideo
1588 3893 1660 3971 hoc
1678 3905 1768 3996 agat
1793 3893 1900 3995 quod

416 4039 495 4114 suis
512 4037 721 4139 praeceptis
739 4038 825 4114 eius
841 4037 940 4114 votis
958 4017 1024 4115 illa
1042 4036 1258 4132 obstitisset,
1279 4035 1465 4138 similique
1491 4037 1603 4114 modo
1621 4036 1662 4113 in
1681 4063 1750 4114 sua
1777 4036 1899 4139 elegia

414 4180 599 4257 adversm
624 4179 750 4257 lenam
768 4182 995 4284 imprecetur
1013 4180 1173 4258 Ovidius
1199 4179 1277 4282 (vv.
1300 4180 1389 4256 110.
1409 4177 1541 4282 seqq.):
1570 4181 1789 4282 pracsertim
1807 4207 1898 4258 vero

416 4350 505 4401 oum
532 4350 711 4418 excusare
738 4323 887 4422 soleant
908 4351 947 4401 se
971 4335 1103 4426 poetae
1129 4321 1347 4402 huiusmodi
1372 4334 1573 4426 praecepta
1599 4323 1792 4426 scripsisse
1818 4324 1899 4402 sive

416 4467 554 4544 Amore
573 4493 640 4544 seu
658 4466 803 4544 Venere
822 4466 900 4544 sive
918 4467 1096 4570 Apolline
1110 4493 1177 4545 seu
1190 4466 1326 4569 quovis
1343 4465 1419 4543 alio
1437 4466 1517 4544 Deo
1531 4466 1613 4574 ipso
1632 4467 1896 4570 praecipiente.

468 4609 643 4711 Denique
670 4609 716 4686 de
743 4609 861 4685 Birtio
887 4607 927 4714 (¹)
954 4609 1047 4712 quid
1074 4609 1288 4704 dicendum,
1313 4609 1380 4710 qui
1407 4608 1557 4685 duobus
1584 4608 1643 4685 his
1671 4619 1821 4691 tantum
1849 4637 1896 4700 ex

417 4752 565 4827 indiciis
591 4751 658 4854 (II.
688 4751 937 4848 3,45-6.11.
966 4756 1003 4849 4,
1035 4755 1096 4828 17.
1125 4749 1261 4856 seqq.):

635 5063 655 5152 I
724 5045 743 5082 ι
765 5021 823 5089 His
846 5020 956 5088 salam
980 5022 1016 5087 ut
1038 5021 1229 5086 terrarium
1250 5019 1384 5102 finibus!
1406 5020 1445 5086 ah
1469 5020 1555 5102 milri,
1579 5020 1605 5087 si
1627 5019 1706 5105 quis,

765 5129 874 5195 Acrius
896 5130 933 5195 ut
954 5127 1066 5195 moriar
1088 5129 1204 5196 venerit
1225 5128 1304 5196 alter
1325 5131 1427 5196 amor!
1451 5153 1469 5190 s

468 5629 516 5712 (1)
538 5629 583 5691 Cf.
605 5630 644 5691 11.
664 5631 713 5705 34,
734 5629 834 5691 5560.
857 5629 911 5691 111.
932 5627 961 5702 5,
981 5628 1088 5690 21-23.

469 5728 518 5811 (2)
539 5730 599 5791 Rh.
619 5730 696 5790 Mus.
718 5727 894 5792 XXXVIII.
914 5747 942 5806 p.
962 5727 1032 5790 213.
1053 5743 1134 5805 seqq.
