<?xml version="1.0" encoding="UTF-8"?>
<!DOCTYPE html PUBLIC "-//W3C//DTD XHTML 1.0 Transitional//EN"
    "http://www.w3.org/TR/xhtml1/DTD/xhtml1-transitional.dtd">
<html xmlns="http://www.w3.org/1999/xhtml" xml:lang="en" lang="en">
 <head>
  <title>
</title>
<meta http-equiv="Content-Type" content="text/html;charset=utf-8" />
  <meta name='ocr-system' content='tesseract 3.04.00' />
  <meta name='ocr-capabilities' content='ocr_page ocr_carea ocr_par ocr_line ocrx_word'/>
</head>
<body>
  <div class='ocr_page' id='page_1' title='image "./quaestionesprop00elisgoog_0047.png"; bbox 0 0 4210 6598; ppageno 0'>
   <div class='ocr_carea' id='block_1_1' title="bbox 1099 733 1310 802">
    <p class='ocr_par' dir='ltr' id='par_1_1' title="bbox 1099 733 1310 802">
     <span class='ocr_line' id='line_1_1' title="bbox 1099 733 1310 802; baseline -0.009 -14"><span class='ocrx_word' id='word_1_1' title='bbox 1099 733 1310 802; x_wconf 72' lang='grc'>...42-</span> 
     </span>
    </p>
   </div>
   <div class='ocr_carea' id='block_1_2' title="bbox 405 941 1949 3756">
    <p class='ocr_par' dir='ltr' id='par_1_2' title="bbox 457 941 1949 2159">
     <span class='ocr_line' id='line_1_2' title="bbox 460 941 1948 1044; baseline 0.002 -29"><span class='ocrx_word' id='word_1_2' title='bbox 460 941 674 1041; x_wconf 86' lang='lat' dir='ltr'>dequibus</span> <span class='ocrx_word' id='word_1_3' title='bbox 703 943 818 1018; x_wconf 86' lang='lat' dir='ltr'>verba</span> <span class='ocrx_word' id='word_1_4' title='bbox 844 942 1012 1034; x_wconf 76' lang='lat' dir='ltr'><strong>fecimus,</strong></span> <span class='ocrx_word' id='word_1_5' title='bbox 1041 969 1313 1044; x_wconf 88' lang='lat' dir='ltr'>comparemus,</span> <span class='ocrx_word' id='word_1_6' title='bbox 1342 969 1384 1019; x_wconf 89' lang='lat' dir='ltr'>co</span> <span class='ocrx_word' id='word_1_7' title='bbox 1420 943 1655 1043; x_wconf 88' lang='lat' dir='ltr'>potissimum</span> <span class='ocrx_word' id='word_1_8' title='bbox 1684 943 1782 1020; x_wconf 89' lang='lat' dir='ltr'>inter</span> <span class='ocrx_word' id='word_1_9' title='bbox 1813 971 1852 1020; x_wconf 88' lang='lat' dir='ltr'>se</span> <span class='ocrx_word' id='word_1_10' title='bbox 1878 943 1948 1020; x_wconf 86' lang='lat' dir='ltr'>dis-</span> 
     </span>
     <span class='ocr_line' id='line_1_3' title="bbox 459 1083 1946 1188; baseline 0.003 -32"><span class='ocrx_word' id='word_1_11' title='bbox 459 1083 554 1158; x_wconf 84' lang='lat' dir='ltr'>ferre</span> <span class='ocrx_word' id='word_1_12' title='bbox 582 1083 805 1179; x_wconf 88' lang='lat' dir='ltr'>videbimus,</span> <span class='ocrx_word' id='word_1_13' title='bbox 820 1085 923 1186; x_wconf 91' lang='lat' dir='ltr'>quod</span> <span class='ocrx_word' id='word_1_14' title='bbox 936 1083 976 1160; x_wconf 92' lang='lat' dir='ltr'>in</span> <span class='ocrx_word' id='word_1_15' title='bbox 995 1083 1072 1160; x_wconf 90' lang='lat' dir='ltr'>illis</span> <span class='ocrx_word' id='word_1_16' title='bbox 1097 1099 1242 1164; x_wconf 91' lang='lat' dir='ltr'>certum</span> <span class='ocrx_word' id='word_1_17' title='bbox 1269 1084 1394 1160; x_wconf 87' lang='lat' dir='ltr'>adhuc</span> <span class='ocrx_word' id='word_1_18' title='bbox 1421 1083 1576 1160; x_wconf 88' lang='lat' dir='ltr'>rivalem</span> <span class='ocrx_word' id='word_1_19' title='bbox 1605 1097 1751 1162; x_wconf 86' lang='lat' dir='ltr'>amator</span> <span class='ocrx_word' id='word_1_20' title='bbox 1784 1085 1946 1188; x_wconf 84' lang='lat' dir='ltr'><strong>ignoret,</strong></span> 
     </span>
     <span class='ocr_line' id='line_1_4' title="bbox 459 1227 1949 1330; baseline 0.001 -30"><span class='ocrx_word' id='word_1_21' title='bbox 459 1252 583 1328; x_wconf 89' lang='lat' dir='ltr'>neque</span> <span class='ocrx_word' id='word_1_22' title='bbox 610 1227 850 1302; x_wconf 87' lang='lat' dir='ltr'>manifestum</span> <span class='ocrx_word' id='word_1_23' title='bbox 878 1227 1076 1304; x_wconf 82' lang='lat' dir='ltr'>dissidium</span> <span class='ocrx_word' id='word_1_24' title='bbox 1095 1229 1230 1304; x_wconf 90' lang='lat' dir='ltr'>iterum</span> <span class='ocrx_word' id='word_1_25' title='bbox 1257 1227 1331 1303; x_wconf 89' lang='lat' dir='ltr'>iam</span> <span class='ocrx_word' id='word_1_26' title='bbox 1360 1227 1550 1323; x_wconf 84' lang='lat' dir='ltr'>acciderit;</span> <span class='ocrx_word' id='word_1_27' title='bbox 1570 1227 1664 1304; x_wconf 85' lang='lat' dir='ltr'>adeo</span> <span class='ocrx_word' id='word_1_28' title='bbox 1682 1227 1795 1330; x_wconf 90' lang='lat' dir='ltr'>plane</span> <span class='ocrx_word' id='word_1_29' title='bbox 1819 1241 1862 1304; x_wconf 89' lang='lat' dir='ltr'>ut</span> <span class='ocrx_word' id='word_1_30' title='bbox 1881 1229 1949 1303; x_wconf 88' lang='lat' dir='ltr'>mi-</span> 
     </span>
     <span class='ocr_line' id='line_1_5' title="bbox 459 1369 1949 1474; baseline 0.001 -32"><span class='ocrx_word' id='word_1_31' title='bbox 459 1394 544 1443; x_wconf 91' lang='lat' dir='ltr'>rum</span> <span class='ocrx_word' id='word_1_32' title='bbox 570 1370 744 1470; x_wconf 88' lang='lat' dir='ltr'>equidem</span> <span class='ocrx_word' id='word_1_33' title='bbox 772 1395 847 1445; x_wconf 91' lang='lat' dir='ltr'>uon</span> <span class='ocrx_word' id='word_1_34' title='bbox 877 1371 927 1446; x_wconf 88' lang='lat' dir='ltr'>sit</span> <span class='ocrx_word' id='word_1_35' title='bbox 952 1371 1056 1471; x_wconf 90' lang='lat' dir='ltr'>quod</span> <span class='ocrx_word' id='word_1_36' title='bbox 1083 1371 1258 1446; x_wconf 83' lang='lat' dir='ltr'>extremis</span> <span class='ocrx_word' id='word_1_37' title='bbox 1284 1369 1332 1446; x_wconf 92' lang='lat' dir='ltr'>el.</span> <span class='ocrx_word' id='word_1_38' title='bbox 1363 1375 1398 1446; x_wconf 89' lang='lat'>6.</span> <span class='ocrx_word' id='word_1_39' title='bbox 1423 1398 1487 1446; x_wconf 89' lang='lat' dir='ltr'>vv.</span> <span class='ocrx_word' id='word_1_40' title='bbox 1511 1371 1565 1446; x_wconf 87' lang='lat' dir='ltr'>ita</span> <span class='ocrx_word' id='word_1_41' title='bbox 1593 1370 1811 1472; x_wconf 85' lang='lat' dir='ltr'>Propertius</span> <span class='ocrx_word' id='word_1_42' title='bbox 1841 1369 1949 1474; x_wconf 85' lang='lat' dir='ltr'>Cyn·</span> 
     </span>
     <span class='ocr_line' id='line_1_6' title="bbox 458 1509 1947 1614; baseline 0.003 -30"><span class='ocrx_word' id='word_1_43' title='bbox 458 1509 576 1588; x_wconf 82' lang='lat' dir='ltr'>thiam</span> <span class='ocrx_word' id='word_1_44' title='bbox 604 1511 823 1612; x_wconf 78' lang='lat' dir='ltr'>alloquatur</span> <span class='ocrx_word' id='word_1_45' title='bbox 850 1511 956 1587; x_wconf 90' lang='lat' dir='ltr'>velut</span> <span class='ocrx_word' id='word_1_46' title='bbox 982 1512 1013 1588; x_wconf 89' lang='lat' dir='ltr'>si</span> <span class='ocrx_word' id='word_1_47' title='bbox 1031 1512 1237 1590; x_wconf 80' lang='lat' dir='ltr'>concordes</span> <span class='ocrx_word' id='word_1_48' title='bbox 1256 1523 1382 1588; x_wconf 84' lang='lat' dir='ltr'>tamen</span> <span class='ocrx_word' id='word_1_49' title='bbox 1410 1525 1545 1588; x_wconf 86' lang='lat' dir='ltr'>essent:</span> <span class='ocrx_word' id='word_1_50' title='bbox 1574 1513 1678 1606; x_wconf 87' lang='lat' dir='ltr'>item,</span> <span class='ocrx_word' id='word_1_51' title='bbox 1696 1512 1799 1614; x_wconf 90' lang='lat' dir='ltr'>quod</span> <span class='ocrx_word' id='word_1_52' title='bbox 1819 1511 1947 1588; x_wconf 90' lang='lat' dir='ltr'>subla-</span> 
     </span>
     <span class='ocr_line' id='line_1_7' title="bbox 458 1653 1945 1756; baseline 0.002 -29"><span class='ocrx_word' id='word_1_53' title='bbox 458 1665 536 1728; x_wconf 88' lang='lat' dir='ltr'>tam</span> <span class='ocrx_word' id='word_1_54' title='bbox 564 1679 630 1754; x_wconf 87' lang='lat' dir='ltr'>per</span> <span class='ocrx_word' id='word_1_55' title='bbox 661 1654 700 1729; x_wconf 91' lang='lat' dir='ltr'>id</span> <span class='ocrx_word' id='word_1_56' title='bbox 738 1666 887 1755; x_wconf 91' lang='lat' dir='ltr'>tempus</span> <span class='ocrx_word' id='word_1_57' title='bbox 913 1653 1035 1755; x_wconf 90' lang='lat' dir='ltr'>legem</span> <span class='ocrx_word' id='word_1_58' title='bbox 1071 1655 1118 1730; x_wconf 92' lang='lat' dir='ltr'>de</span> <span class='ocrx_word' id='word_1_59' title='bbox 1154 1654 1376 1730; x_wconf 82' lang='lat' dir='ltr'>maritandis</span> <span class='ocrx_word' id='word_1_60' title='bbox 1408 1654 1617 1749; x_wconf 84' lang='lat' dir='ltr'>ordinibus,</span> <span class='ocrx_word' id='word_1_61' title='bbox 1645 1661 1722 1756; x_wconf 85' lang='lat' dir='ltr'>qua</span> <span class='ocrx_word' id='word_1_62' title='bbox 1748 1655 1945 1755; x_wconf 89' lang='lat' dir='ltr'>quondam</span> 
     </span>
     <span class='ocr_line' id='line_1_8' title="bbox 458 1795 1944 1900; baseline 0.001 -29"><span class='ocrx_word' id='word_1_63' title='bbox 458 1795 581 1872; x_wconf 92' lang='lat' dir='ltr'>edicta</span> <span class='ocrx_word' id='word_1_64' title='bbox 608 1809 765 1898; x_wconf 86' lang='lat' dir='ltr'>uterquc</span> <span class='ocrx_word' id='word_1_65' title='bbox 799 1796 911 1873; x_wconf 91' lang='lat' dir='ltr'>simul</span> <span class='ocrx_word' id='word_1_66' title='bbox 944 1797 1010 1873; x_wconf 90' lang='lat' dir='ltr'>diu</span> <span class='ocrx_word' id='word_1_67' title='bbox 1037 1797 1243 1892; x_wconf 87' lang='lat' dir='ltr'>flevissent,</span> <span class='ocrx_word' id='word_1_68' title='bbox 1274 1795 1379 1872; x_wconf 91' lang='lat' dir='ltr'>illam</span> <span class='ocrx_word' id='word_1_69' title='bbox 1407 1797 1578 1898; x_wconf 81' lang='lat' dir='ltr'>gavisam</span> <span class='ocrx_word' id='word_1_70' title='bbox 1615 1807 1766 1897; x_wconf 88' lang='lat' dir='ltr'>putaret</span> <span class='ocrx_word' id='word_1_71' title='bbox 1791 1795 1855 1900; x_wconf 85' lang='lat' dir='ltr'>(el.</span> <span class='ocrx_word' id='word_1_72' title='bbox 1888 1799 1944 1899; x_wconf 75' lang='lat'>7);</span> 
     </span>
     <span class='ocr_line' id='line_1_9' title="bbox 459 1939 1944 2042; baseline 0.001 -27"><span class='ocrx_word' id='word_1_73' title='bbox 459 1953 496 2015; x_wconf 90' lang='lat' dir='ltr'>et</span> <span class='ocrx_word' id='word_1_74' title='bbox 523 1939 621 2016; x_wconf 86' lang='lat' dir='ltr'>hanc</span> <span class='ocrx_word' id='word_1_75' title='bbox 654 1966 807 2041; x_wconf 88' lang='lat' dir='ltr'>quoque</span> <span class='ocrx_word' id='word_1_76' title='bbox 840 1939 1011 2042; x_wconf 85' lang='lat' dir='ltr'>elegiam,</span> <span class='ocrx_word' id='word_1_77' title='bbox 1039 1967 1158 2041; x_wconf 89' lang='lat' dir='ltr'>aeque</span> <span class='ocrx_word' id='word_1_78' title='bbox 1193 1967 1238 2016; x_wconf 89' lang='lat' dir='ltr'>ac</span> <span class='ocrx_word' id='word_1_79' title='bbox 1274 1939 1572 2042; x_wconf 83' lang='lat' dir='ltr'>praecedentem,</span> <span class='ocrx_word' id='word_1_80' title='bbox 1601 1953 1737 2040; x_wconf 86' lang='lat' dir='ltr'>pacato</span> <span class='ocrx_word' id='word_1_81' title='bbox 1764 1940 1804 2015; x_wconf 89' lang='lat' dir='ltr'>in</span> <span class='ocrx_word' id='word_1_82' title='bbox 1836 1939 1944 2017; x_wconf 88' lang='lat' dir='ltr'>illam</span> 
     </span>
     <span class='ocr_line' id='line_1_10' title="bbox 457 2081 866 2159; baseline 0.005 -3"><span class='ocrx_word' id='word_1_83' title='bbox 457 2083 584 2158; x_wconf 91' lang='lat' dir='ltr'>animo</span> <span class='ocrx_word' id='word_1_84' title='bbox 610 2081 866 2159; x_wconf 90' lang='lat' dir='ltr'>concluderet.</span> 
     </span>
    </p>

    <p class='ocr_par' dir='ltr' id='par_1_3' title="bbox 456 2223 1945 2612">
     <span class='ocr_line' id='line_1_11' title="bbox 509 2223 1943 2327; baseline 0 -27"><span class='ocrx_word' id='word_1_85' title='bbox 509 2225 567 2300; x_wconf 92' lang='lat' dir='ltr'>De</span> <span class='ocrx_word' id='word_1_86' title='bbox 594 2223 656 2300; x_wconf 91' lang='lat' dir='ltr'>ell.</span> <span class='ocrx_word' id='word_1_87' title='bbox 674 2227 711 2300; x_wconf 84' lang='grc'>8.</span> <span class='ocrx_word' id='word_1_88' title='bbox 730 2236 768 2300; x_wconf 93' lang='lat' dir='ltr'>et</span> <span class='ocrx_word' id='word_1_89' title='bbox 788 2229 824 2300; x_wconf 88' lang='grc'>9.</span> <span class='ocrx_word' id='word_1_90' title='bbox 852 2225 907 2301; x_wconf 90' lang='lat' dir='ltr'>nil</span> <span class='ocrx_word' id='word_1_91' title='bbox 935 2225 1046 2302; x_wconf 90' lang='lat' dir='ltr'>dictis</span> <span class='ocrx_word' id='word_1_92' title='bbox 1063 2225 1219 2326; x_wconf 88' lang='lat' dir='ltr'>insuper</span> <span class='ocrx_word' id='word_1_93' title='bbox 1244 2226 1382 2301; x_wconf 80' lang='lat' dir='ltr'>addere</span> <span class='ocrx_word' id='word_1_94' title='bbox 1414 2251 1576 2302; x_wconf 88' lang='lat' dir='ltr'>necesse.</span> <span class='ocrx_word' id='word_1_95' title='bbox 1603 2224 1753 2317; x_wconf 87' lang='lat' dir='ltr'>Quibus</span> <span class='ocrx_word' id='word_1_96' title='bbox 1780 2225 1943 2327; x_wconf 85' lang='lat' dir='ltr'>scriptis,</span> 
     </span>
     <span class='ocr_line' id='line_1_12' title="bbox 456 2365 1943 2468; baseline 0.003 -27"><span class='ocrx_word' id='word_1_97' title='bbox 456 2365 553 2442; x_wconf 92' lang='lat' dir='ltr'>illud</span> <span class='ocrx_word' id='word_1_98' title='bbox 579 2367 746 2468; x_wconf 87' lang='lat' dir='ltr'>profecto</span> <span class='ocrx_word' id='word_1_99' title='bbox 788 2367 957 2446; x_wconf 89' lang='lat' dir='ltr'>conicere</span> <span class='ocrx_word' id='word_1_100' title='bbox 981 2366 1071 2444; x_wconf 86' lang='lat' dir='ltr'>licet</span> <span class='ocrx_word' id='word_1_101' title='bbox 1097 2368 1220 2444; x_wconf 91' lang='lat' dir='ltr'>medio</span> <span class='ocrx_word' id='word_1_102' title='bbox 1256 2369 1296 2444; x_wconf 93' lang='lat' dir='ltr'>in</span> <span class='ocrx_word' id='word_1_103' title='bbox 1332 2367 1491 2446; x_wconf 87' lang='lat' dir='ltr'>discidio</span> <span class='ocrx_word' id='word_1_104' title='bbox 1527 2394 1607 2444; x_wconf 88' lang='lat' dir='ltr'>esee</span> <span class='ocrx_word' id='word_1_105' title='bbox 1635 2383 1716 2443; x_wconf 91' lang='lat' dir='ltr'>tum</span> <span class='ocrx_word' id='word_1_106' title='bbox 1751 2380 1943 2464; x_wconf 79' lang='lat' dir='ltr'>amantes3</span> 
     </span>
     <span class='ocr_line' id='line_1_13' title="bbox 456 2497 1945 2612; baseline 0.001 -28"><span class='ocrx_word' id='word_1_107' title='bbox 456 2510 511 2586; x_wconf 88' lang='lat' dir='ltr'>ita</span> <span class='ocrx_word' id='word_1_108' title='bbox 538 2518 592 2603; x_wconf 87' lang='lat' dir='ltr'>ut,</span> <span class='ocrx_word' id='word_1_109' title='bbox 621 2509 819 2585; x_wconf 89' lang='lat' dir='ltr'>occasione</span> <span class='ocrx_word' id='word_1_110' title='bbox 845 2509 975 2586; x_wconf 87' lang='lat' dir='ltr'>oblata</span> <span class='ocrx_word' id='word_1_111' title='bbox 1001 2509 1134 2587; x_wconf 90' lang='lat' dir='ltr'>laudes</span> <span class='ocrx_word' id='word_1_112' title='bbox 1169 2497 1263 2587; x_wconf 91' lang='lat' dir='ltr'>tunc</span> <span class='ocrx_word' id='word_1_113' title='bbox 1289 2509 1456 2612; x_wconf 85' lang='lat' dir='ltr'>Augusti</span> <span class='ocrx_word' id='word_1_114' title='bbox 1490 2509 1717 2605; x_wconf 89' lang='lat' dir='ltr'>celebrandi,</span> <span class='ocrx_word' id='word_1_115' title='bbox 1752 2511 1846 2612; x_wconf 92' lang='lat' dir='ltr'>quid</span> <span class='ocrx_word' id='word_1_116' title='bbox 1880 2537 1945 2611; x_wconf 92' lang='lat' dir='ltr'>op·</span> 
     </span>
    </p>

    <p class='ocr_par' dir='ltr' id='par_1_4' title="bbox 405 2651 1944 3756">
     <span class='ocr_line' id='line_1_14' title="bbox 405 2651 1943 2756; baseline 0.001 -29"><span class='ocrx_word' id='word_1_117' title='bbox 405 2662 423 2712; x_wconf 73' lang='grc'><strong>*</strong></span> <span class='ocrx_word' id='word_1_118' title='bbox 456 2653 657 2753; x_wconf 87' lang='lat' dir='ltr'>portunius</span> <span class='ocrx_word' id='word_1_119' title='bbox 683 2651 731 2729; x_wconf 87' lang='lat' dir='ltr'>el.</span> <span class='ocrx_word' id='word_1_120' title='bbox 767 2652 844 2728; x_wconf 86' lang='lat'>10?</span> <span class='ocrx_word' id='word_1_121' title='bbox 869 2653 917 2728; x_wconf 91' lang='lat' dir='ltr'>In</span> <span class='ocrx_word' id='word_1_122' title='bbox 944 2679 1022 2755; x_wconf 88' lang='lat' dir='ltr'>qua</span> <span class='ocrx_word' id='word_1_123' title='bbox 1052 2651 1148 2730; x_wconf 94' lang='lat' dir='ltr'>illud</span> <span class='ocrx_word' id='word_1_124' title='bbox 1166 2654 1384 2756; x_wconf 88' lang='lat' dir='ltr'>praesertim</span> <span class='ocrx_word' id='word_1_125' title='bbox 1415 2663 1474 2730; x_wconf 89' lang='lat' dir='ltr'>est</span> <span class='ocrx_word' id='word_1_126' title='bbox 1504 2653 1727 2749; x_wconf 83' lang='lat' dir='ltr'>notandum,</span> <span class='ocrx_word' id='word_1_127' title='bbox 1756 2653 1943 2755; x_wconf 87' lang='lat' dir='ltr'>Propertii</span> 
     </span>
     <span class='ocr_line' id='line_1_15' title="bbox 456 2795 1944 2900; baseline 0 -28"><span class='ocrx_word' id='word_1_128' title='bbox 456 2810 539 2872; x_wconf 90' lang='lat' dir='ltr'>tum</span> <span class='ocrx_word' id='word_1_129' title='bbox 565 2795 605 2871; x_wconf 92' lang='lat' dir='ltr'>in</span> <span class='ocrx_word' id='word_1_130' title='bbox 633 2797 760 2872; x_wconf 89' lang='lat' dir='ltr'>animo</span> <span class='ocrx_word' id='word_1_131' title='bbox 788 2807 975 2873; x_wconf 85' lang='lat' dir='ltr'>statutum</span> <span class='ocrx_word' id='word_1_132' title='bbox 1002 2824 1082 2875; x_wconf 87' lang='lat' dir='ltr'>esse</span> <span class='ocrx_word' id='word_1_133' title='bbox 1100 2796 1216 2900; x_wconf 82' lang='lat' dir='ltr'>(quod</span> <span class='ocrx_word' id='word_1_134' title='bbox 1242 2796 1395 2899; x_wconf 89' lang='lat' dir='ltr'>quidem</span> <span class='ocrx_word' id='word_1_135' title='bbox 1414 2823 1525 2874; x_wconf 87' lang='lat' dir='ltr'>nemo</span> <span class='ocrx_word' id='word_1_136' title='bbox 1544 2823 1660 2872; x_wconf 89' lang='lat' dir='ltr'>sanus</span> <span class='ocrx_word' id='word_1_137' title='bbox 1683 2795 1778 2872; x_wconf 88' lang='lat' dir='ltr'>serio</span> <span class='ocrx_word' id='word_1_138' title='bbox 1796 2796 1944 2872; x_wconf 91' lang='lat' dir='ltr'>dictum</span> 
     </span>
     <span class='ocr_line' id='line_1_16' title="bbox 456 2937 1943 3044; baseline 0 -30"><span class='ocrx_word' id='word_1_139' title='bbox 456 2939 625 3044; x_wconf 84' lang='lat' dir='ltr'>putabit)</span> <span class='ocrx_word' id='word_1_140' title='bbox 652 2937 844 3042; x_wconf 83' lang='lat' dir='ltr'>Cynthiae</span> <span class='ocrx_word' id='word_1_141' title='bbox 879 2938 1012 3016; x_wconf 89' lang='lat' dir='ltr'>laudes</span> <span class='ocrx_word' id='word_1_142' title='bbox 1047 2941 1087 3016; x_wconf 90' lang='lat' dir='ltr'>in</span> <span class='ocrx_word' id='word_1_143' title='bbox 1117 2951 1342 3042; x_wconf 87' lang='lat' dir='ltr'>perpetuum</span> <span class='ocrx_word' id='word_1_144' title='bbox 1369 2939 1539 3015; x_wconf 86' lang='lat' dir='ltr'>omittere</span> <span class='ocrx_word' id='word_1_145' title='bbox 1565 2939 1617 3042; x_wconf 86' lang='lat' dir='ltr'>(v.</span> <span class='ocrx_word' id='word_1_146' title='bbox 1647 2939 1718 3044; x_wconf 88' lang='lat'><strong>8.):</strong></span> <span class='ocrx_word' id='word_1_147' title='bbox 1747 2938 1786 3014; x_wconf 95' lang='lat' dir='ltr'>id</span> <span class='ocrx_word' id='word_1_148' title='bbox 1813 2951 1943 3016; x_wconf 88' lang='lat' dir='ltr'>autem</span> 
     </span>
     <span class='ocr_line' id='line_1_17' title="bbox 456 3081 1942 3184; baseline 0.001 -28"><span class='ocrx_word' id='word_1_149' title='bbox 456 3081 570 3183; x_wconf 87' lang='lat' dir='ltr'>plane</span> <span class='ocrx_word' id='word_1_150' title='bbox 596 3082 845 3158; x_wconf 87' lang='lat' dir='ltr'>confirmatur</span> <span class='ocrx_word' id='word_1_151' title='bbox 874 3082 1095 3160; x_wconf 87' lang='lat' dir='ltr'>brevissima</span> <span class='ocrx_word' id='word_1_152' title='bbox 1121 3082 1188 3158; x_wconf 88' lang='lat' dir='ltr'>illa</span> <span class='ocrx_word' id='word_1_153' title='bbox 1218 3089 1280 3159; x_wconf 92' lang='lat'>11.</span> <span class='ocrx_word' id='word_1_154' title='bbox 1307 3081 1368 3177; x_wconf 87' lang='lat' dir='ltr'>el.,</span> <span class='ocrx_word' id='word_1_155' title='bbox 1396 3108 1512 3184; x_wconf 88' lang='lat' dir='ltr'>quam</span> <span class='ocrx_word' id='word_1_156' title='bbox 1539 3081 1659 3159; x_wconf 90' lang='lat' dir='ltr'>veluti</span> <span class='ocrx_word' id='word_1_157' title='bbox 1686 3083 1942 3183; x_wconf 81' lang='lat' dir='ltr'>fragmentum</span> 
     </span>
     <span class='ocr_line' id='line_1_18' title="bbox 456 3225 1943 3328; baseline 0.001 -27"><span class='ocrx_word' id='word_1_158' title='bbox 456 3225 559 3301; x_wconf 88' lang='lat' dir='ltr'>omni</span> <span class='ocrx_word' id='word_1_159' title='bbox 586 3251 719 3303; x_wconf 88' lang='lat' dir='ltr'>carens</span> <span class='ocrx_word' id='word_1_160' title='bbox 746 3251 859 3300; x_wconf 90' lang='lat' dir='ltr'>sensu</span> <span class='ocrx_word' id='word_1_161' title='bbox 887 3226 1134 3302; x_wconf 86' lang='lat' dir='ltr'>damnaverat</span> <span class='ocrx_word' id='word_1_162' title='bbox 1160 3225 1444 3304; x_wconf 87' lang='lat' dir='ltr'>Lachmannus.</span> <span class='ocrx_word' id='word_1_163' title='bbox 1471 3226 1624 3303; x_wconf 83' lang='lat' dir='ltr'>Etenim</span> <span class='ocrx_word' id='word_1_164' title='bbox 1656 3237 1871 3328; x_wconf 81' lang='lat' dir='ltr'>postquam,</span> <span class='ocrx_word' id='word_1_165' title='bbox 1898 3232 1943 3303; x_wconf 85' lang='lat' dir='ltr'>ut</span> 
     </span>
     <span class='ocr_line' id='line_1_19' title="bbox 455 3367 1942 3471; baseline -0.002 -25"><span class='ocrx_word' id='word_1_166' title='bbox 455 3395 619 3470; x_wconf 88' lang='lat' dir='ltr'>aequum</span> <span class='ocrx_word' id='word_1_167' title='bbox 647 3368 731 3462; x_wconf 86' lang='lat' dir='ltr'>luit,</span> <span class='ocrx_word' id='word_1_168' title='bbox 768 3367 845 3444; x_wconf 84' lang='lat' dir='ltr'>irae</span> <span class='ocrx_word' id='word_1_169' title='bbox 878 3395 923 3444; x_wconf 90' lang='lat' dir='ltr'>ac</span> <span class='ocrx_word' id='word_1_170' title='bbox 959 3367 1091 3463; x_wconf 83' lang='lat' dir='ltr'>dolori,</span> <span class='ocrx_word' id='word_1_171' title='bbox 1127 3369 1440 3471; x_wconf 88' lang='lat' dir='ltr'>praecedentibus</span> <span class='ocrx_word' id='word_1_172' title='bbox 1476 3369 1617 3471; x_wconf 90' lang='lat' dir='ltr'>elegiis,</span> <span class='ocrx_word' id='word_1_173' title='bbox 1654 3369 1746 3444; x_wconf 88' lang='lat' dir='ltr'>satis</span> <span class='ocrx_word' id='word_1_174' title='bbox 1781 3367 1942 3444; x_wconf 85' lang='lat' dir='ltr'>indulsit</span> 
     </span>
     <span class='ocr_line' id='line_1_20' title="bbox 455 3510 1943 3612; baseline -0.003 -23"><span class='ocrx_word' id='word_1_175' title='bbox 455 3514 635 3612; x_wconf 85' lang='lat' dir='ltr'>deceptus</span> <span class='ocrx_word' id='word_1_176' title='bbox 663 3523 819 3607; x_wconf 88' lang='lat' dir='ltr'>amator,</span> <span class='ocrx_word' id='word_1_177' title='bbox 849 3521 980 3612; x_wconf 88' lang='lat' dir='ltr'>poetae</span> <span class='ocrx_word' id='word_1_178' title='bbox 1006 3511 1160 3588; x_wconf 85' lang='lat' dir='ltr'>tandem</span> <span class='ocrx_word' id='word_1_179' title='bbox 1187 3537 1278 3587; x_wconf 86' lang='lat' dir='ltr'>suae</span> <span class='ocrx_word' id='word_1_180' title='bbox 1304 3511 1459 3587; x_wconf 91' lang='lat' dir='ltr'>memori</span> <span class='ocrx_word' id='word_1_181' title='bbox 1490 3511 1643 3587; x_wconf 90' lang='lat' dir='ltr'>virtutis</span> <span class='ocrx_word' id='word_1_182' title='bbox 1669 3510 1833 3611; x_wconf 89' lang='lat' dir='ltr'>resurgit</span> <span class='ocrx_word' id='word_1_183' title='bbox 1863 3511 1943 3586; x_wconf 86' lang='lat' dir='ltr'>ani·</span> 
     </span>
     <span class='ocr_line' id='line_1_21' title="bbox 455 3651 1941 3756; baseline -0.001 -26"><span class='ocrx_word' id='word_1_184' title='bbox 455 3680 552 3750; x_wconf 89' lang='lat' dir='ltr'>mus;</span> <span class='ocrx_word' id='word_1_185' title='bbox 581 3665 699 3754; x_wconf 84' lang='lat' dir='ltr'>utque</span> <span class='ocrx_word' id='word_1_186' title='bbox 726 3663 839 3729; x_wconf 88' lang='lat' dir='ltr'>antea</span> <span class='ocrx_word' id='word_1_187' title='bbox 865 3678 1006 3755; x_wconf 88' lang='lat' dir='ltr'>poenas</span> <span class='ocrx_word' id='word_1_188' title='bbox 1039 3653 1086 3728; x_wconf 90' lang='lat' dir='ltr'>de</span> <span class='ocrx_word' id='word_1_189' title='bbox 1122 3679 1166 3729; x_wconf 88' lang='lat' dir='ltr'>ea</span> <span class='ocrx_word' id='word_1_190' title='bbox 1193 3668 1446 3756; x_wconf 89' lang='lat' dir='ltr'>sumpturum,</span> <span class='ocrx_word' id='word_1_191' title='bbox 1474 3655 1520 3731; x_wconf 90' lang='lat' dir='ltr'>de</span> <span class='ocrx_word' id='word_1_192' title='bbox 1556 3653 1637 3730; x_wconf 89' lang='lat' dir='ltr'>eius</span> <span class='ocrx_word' id='word_1_193' title='bbox 1663 3651 1817 3729; x_wconf 84' lang='lat' dir='ltr'>levitate</span> <span class='ocrx_word' id='word_1_194' title='bbox 1853 3654 1941 3730; x_wconf 90' lang='lat' dir='ltr'>scri-</span> 
     </span>
    </p>
   </div>
   <div class='ocr_carea' id='block_1_3' title="bbox 455 3795 1941 3889">
    <p class='ocr_par' dir='ltr' id='par_1_5' title="bbox 455 3791 2085 3906">
     <span class='ocr_line' id='line_1_22' title="bbox 455 3795 1941 3889; baseline -0.006 -15"><span class='ocrx_word' id='word_1_195' title='bbox 455 3796 580 3874; x_wconf 87' lang='lat' dir='ltr'>bendo</span> <span class='ocrx_word' id='word_1_196' title='bbox 607 3795 775 3870; x_wconf 88' lang='lat' dir='ltr'>minatus</span> <span class='ocrx_word' id='word_1_197' title='bbox 802 3806 893 3889; x_wconf 88' lang='lat' dir='ltr'>erat,</span> <span class='ocrx_word' id='word_1_198' title='bbox 921 3795 976 3870; x_wconf 85' lang='lat' dir='ltr'>ita</span> <span class='ocrx_word' id='word_1_199' title='bbox 1003 3821 1042 3870; x_wconf 91' lang='lat' dir='ltr'>se</span> <span class='ocrx_word' id='word_1_200' title='bbox 1067 3795 1179 3872; x_wconf 91' lang='lat' dir='ltr'>modo</span> <span class='ocrx_word' id='word_1_201' title='bbox 1207 3795 1302 3872; x_wconf 93' lang='lat' dir='ltr'>nihil</span> <span class='ocrx_word' id='word_1_202' title='bbox 1330 3797 1376 3872; x_wconf 91' lang='lat' dir='ltr'>de</span> <span class='ocrx_word' id='word_1_203' title='bbox 1403 3821 1448 3872; x_wconf 87' lang='lat' dir='ltr'>ea</span> <span class='ocrx_word' id='word_1_204' title='bbox 1474 3795 1673 3872; x_wconf 87' lang='lat' dir='ltr'>scribendo</span> <span class='ocrx_word' id='word_1_205' title='bbox 1700 3795 1791 3872; x_wconf 89' lang='lat' dir='ltr'>satis</span> <span class='ocrx_word' id='word_1_206' title='bbox 1819 3795 1941 3872; x_wconf 90' lang='lat' dir='ltr'>vindi·</span> 
     </span>
    </p>
   </div>
   <div class='ocr_carea' id='block_1_4' title="bbox 449 3937 2081 5465">
    <p class='ocr_par' dir='ltr' id='par_1_6' title="bbox 456 3937 837 4016">
     <span class='ocr_line' id='line_1_23' title="bbox 456 3937 837 4016; baseline -0.003 -1"><span class='ocrx_word' id='word_1_207' title='bbox 456 3951 584 4016; x_wconf 90' lang='lat' dir='ltr'>catum</span> <span class='ocrx_word' id='word_1_208' title='bbox 610 3937 657 4013; x_wconf 90' lang='lat' dir='ltr'>iri</span> <span class='ocrx_word' id='word_1_209' title='bbox 685 3938 837 4014; x_wconf 86' lang='lat' dir='ltr'>fatetur.</span> 
     </span>
    </p>

    <p class='ocr_par' dir='ltr' id='par_1_7' title="bbox 449 4079 2081 5465">
     <span class='ocr_line' id='line_1_24' title="bbox 507 4079 2081 4185; baseline -0.001 -27"><span class='ocrx_word' id='word_1_210' title='bbox 507 4081 662 4175; x_wconf 86' lang='lat' dir='ltr'>Verum,</span> <span class='ocrx_word' id='word_1_211' title='bbox 691 4105 735 4156; x_wconf 94' lang='lat' dir='ltr'>eo</span> <span class='ocrx_word' id='word_1_212' title='bbox 761 4079 844 4181; x_wconf 89' lang='lat' dir='ltr'>ipso</span> <span class='ocrx_word' id='word_1_213' title='bbox 870 4107 947 4182; x_wconf 90' lang='lat' dir='ltr'>quo</span> <span class='ocrx_word' id='word_1_214' title='bbox 975 4107 1014 4158; x_wconf 90' lang='lat' dir='ltr'>se</span> <span class='ocrx_word' id='word_1_215' title='bbox 1040 4079 1231 4185; x_wconf 86' lang='lat' dir='ltr'>Cynthiae</span> <span class='ocrx_word' id='word_1_216' title='bbox 1265 4081 1472 4158; x_wconf 89' lang='lat' dir='ltr'>obliturum</span> <span class='ocrx_word' id='word_1_217' title='bbox 1500 4081 1655 4158; x_wconf 89' lang='lat' dir='ltr'>omnino</span> <span class='ocrx_word' id='word_1_218' title='bbox 1682 4081 1854 4176; x_wconf 86' lang='lat' dir='ltr'>affirmat,</span> <span class='ocrx_word' id='word_1_219' title='bbox 1889 4081 1940 4157; x_wconf 90' lang='lat' dir='ltr'>ad</span> <span class='ocrx_word' id='word_1_220' title='bbox 2080 4171 2081 4176; x_wconf 6' lang='grc' dir='ltr'><strong>Ἰ</strong></span> 
     </span>
     <span class='ocr_line' id='line_1_25' title="bbox 455 4223 1940 4327; baseline -0.003 -23"><span class='ocrx_word' id='word_1_221' title='bbox 455 4254 539 4304; x_wconf 90' lang='lat' dir='ltr'>cam</span> <span class='ocrx_word' id='word_1_222' title='bbox 567 4224 686 4301; x_wconf 93' lang='lat' dir='ltr'>nihilo</span> <span class='ocrx_word' id='word_1_223' title='bbox 722 4225 845 4300; x_wconf 87' lang='lat' dir='ltr'>secius</span> <span class='ocrx_word' id='word_1_224' title='bbox 880 4224 1111 4326; x_wconf 86' lang='lat' dir='ltr'>cogitatione</span> <span class='ocrx_word' id='word_1_225' title='bbox 1135 4225 1243 4302; x_wconf 88' lang='lat' dir='ltr'>redit:</span> <span class='ocrx_word' id='word_1_226' title='bbox 1272 4224 1469 4327; x_wconf 89' lang='lat' dir='ltr'>siquidem,</span> <span class='ocrx_word' id='word_1_227' title='bbox 1498 4223 1587 4302; x_wconf 89' lang='lat' dir='ltr'>heu!</span> <span class='ocrx_word' id='word_1_228' title='bbox 1625 4223 1797 4301; x_wconf 83' lang='lat' dir='ltr'>differtur</span> <span class='ocrx_word' id='word_1_229' title='bbox 1830 4250 1940 4300; x_wconf 90' lang='lat' dir='ltr'>num·</span> 
     </span>
     <span class='ocr_line' id='line_1_26' title="bbox 452 4359 2079 4472; baseline -0.001 -27"><span class='ocrx_word' id='word_1_230' title='bbox 452 4395 569 4471; x_wconf 89' lang='lat' dir='ltr'>quam</span> <span class='ocrx_word' id='word_1_231' title='bbox 597 4365 745 4444; x_wconf 89' lang='lat' dir='ltr'>tollitur</span> <span class='ocrx_word' id='word_1_232' title='bbox 770 4365 874 4442; x_wconf 89' lang='lat' dir='ltr'>ullus</span> <span class='ocrx_word' id='word_1_233' title='bbox 900 4393 1006 4442; x_wconf 87' lang='lat' dir='ltr'>amor</span> <span class='ocrx_word' id='word_1_234' title='bbox 1031 4366 1096 4469; x_wconf 90' lang='lat'>(11.</span> <span class='ocrx_word' id='word_1_235' title='bbox 1119 4371 1154 4463; x_wconf 82' lang='lat'>3,</span> <span class='ocrx_word' id='word_1_236' title='bbox 1176 4367 1238 4472; x_wconf 85' lang='lat'><strong>8.);</strong></span> <span class='ocrx_word' id='word_1_237' title='bbox 1267 4395 1430 4469; x_wconf 86' lang='lat' dir='ltr'>cumque</span> <span class='ocrx_word' id='word_1_238' title='bbox 1457 4393 1568 4444; x_wconf 91' lang='lat' dir='ltr'>suum</span> <span class='ocrx_word' id='word_1_239' title='bbox 1596 4366 1802 4468; x_wconf 89' lang='lat' dir='ltr'>unicuique</span> <span class='ocrx_word' id='word_1_240' title='bbox 1829 4366 1939 4444; x_wconf 87' lang='lat' dir='ltr'>dede·</span> <span class='ocrx_word' id='word_1_241' title='bbox 2078 4359 2079 4362; x_wconf 25' lang='lat'>¹</span> 
     </span>
     <span class='ocr_line' id='line_1_27' title="bbox 453 4508 1936 4613; baseline -0.003 -25"><span class='ocrx_word' id='word_1_242' title='bbox 453 4513 503 4588; x_wconf 89' lang='lat' dir='ltr'>rit</span> <span class='ocrx_word' id='word_1_243' title='bbox 539 4511 675 4587; x_wconf 91' lang='lat' dir='ltr'>vitium</span> <span class='ocrx_word' id='word_1_244' title='bbox 711 4521 849 4586; x_wconf 87' lang='lat' dir='ltr'>natura</span> <span class='ocrx_word' id='word_1_245' title='bbox 882 4520 1020 4606; x_wconf 89' lang='lat' dir='ltr'>creato,</span> <span class='ocrx_word' id='word_1_246' title='bbox 1049 4510 1082 4586; x_wconf 93' lang='lat' dir='ltr'>ei</span> <span class='ocrx_word' id='word_1_247' title='bbox 1115 4509 1260 4613; x_wconf 91' lang='lat' dir='ltr'>aliquid</span> <span class='ocrx_word' id='word_1_248' title='bbox 1294 4537 1440 4611; x_wconf 88' lang='lat' dir='ltr'>semper</span> <span class='ocrx_word' id='word_1_249' title='bbox 1473 4536 1598 4586; x_wconf 87' lang='lat' dir='ltr'>amare</span> <span class='ocrx_word' id='word_1_250' title='bbox 1633 4508 1738 4586; x_wconf 92' lang='lat' dir='ltr'>dedit</span> <span class='ocrx_word' id='word_1_251' title='bbox 1771 4509 1837 4612; x_wconf 86' lang='lat' dir='ltr'>(II,</span> <span class='ocrx_word' id='word_1_252' title='bbox 1873 4512 1936 4603; x_wconf 83' lang='lat'>22,</span> 
     </span>
     <span class='ocr_line' id='line_1_28' title="bbox 456 4651 1938 4755; baseline -0.004 -25"><span class='ocrx_word' id='word_1_253' title='bbox 456 4652 603 4755; x_wconf 81' lang='lat'>17-18);</span> <span class='ocrx_word' id='word_1_254' title='bbox 641 4677 765 4752; x_wconf 89' lang='lat' dir='ltr'>neque</span> <span class='ocrx_word' id='word_1_255' title='bbox 800 4651 914 4726; x_wconf 85' lang='lat' dir='ltr'>aliam</span> <span class='ocrx_word' id='word_1_256' title='bbox 952 4677 1089 4748; x_wconf 87' lang='lat' dir='ltr'>amare,</span> <span class='ocrx_word' id='word_1_257' title='bbox 1127 4679 1250 4754; x_wconf 89' lang='lat' dir='ltr'>neque</span> <span class='ocrx_word' id='word_1_258' title='bbox 1285 4653 1335 4728; x_wconf 90' lang='lat' dir='ltr'>ab</span> <span class='ocrx_word' id='word_1_259' title='bbox 1371 4652 1442 4727; x_wconf 90' lang='lat' dir='ltr'>hac</span> <span class='ocrx_word' id='word_1_260' title='bbox 1477 4651 1511 4728; x_wconf 89' lang='lat' dir='ltr'>ei</span> <span class='ocrx_word' id='word_1_261' title='bbox 1548 4651 1738 4728; x_wconf 89' lang='lat' dir='ltr'>discedere</span> <span class='ocrx_word' id='word_1_262' title='bbox 1773 4651 1830 4726; x_wconf 85' lang='lat' dir='ltr'>las</span> <span class='ocrx_word' id='word_1_263' title='bbox 1866 4651 1938 4726; x_wconf 88' lang='lat' dir='ltr'>erit</span> 
     </span>
     <span class='ocr_line' id='line_1_29' title="bbox 452 4790 1937 4898; baseline -0.003 -28"><span class='ocrx_word' id='word_1_264' title='bbox 452 4796 501 4898; x_wconf 84' lang='grc' dir='ltr'>(Ι.</span> <span class='ocrx_word' id='word_1_265' title='bbox 533 4798 595 4890; x_wconf 83' lang='lat'>12,</span> <span class='ocrx_word' id='word_1_266' title='bbox 627 4794 690 4897; x_wconf 86' lang='grc'>19)</span> <span class='ocrx_word' id='word_1_267' title='bbox 717 4793 1004 4888; x_wconf 84' lang='lat' dir='ltr'>-Praeterea,</span> <span class='ocrx_word' id='word_1_268' title='bbox 1032 4794 1212 4896; x_wconf 87' lang='lat' dir='ltr'>quoniam</span> <span class='ocrx_word' id='word_1_269' title='bbox 1230 4821 1323 4895; x_wconf 89' lang='lat' dir='ltr'>puer</span> <span class='ocrx_word' id='word_1_270' title='bbox 1350 4794 1495 4870; x_wconf 87' lang='lat' dir='ltr'>effictus</span> <span class='ocrx_word' id='word_1_271' title='bbox 1523 4794 1572 4868; x_wconf 89' lang='lat' dir='ltr'>sit</span> <span class='ocrx_word' id='word_1_272' title='bbox 1595 4792 1724 4888; x_wconf 87' lang='lat' dir='ltr'>Amor,</span> <span class='ocrx_word' id='word_1_273' title='bbox 1749 4790 1844 4892; x_wconf 88' lang='lat' dir='ltr'>quid</span> <span class='ocrx_word' id='word_1_274' title='bbox 1870 4792 1937 4867; x_wconf 91' lang='lat' dir='ltr'>mi·</span> 
     </span>
     <span class='ocr_line' id='line_1_30' title="bbox 449 4933 1938 5037; baseline -0.003 -23"><span class='ocrx_word' id='word_1_275' title='bbox 449 4966 535 5015; x_wconf 90' lang='lat' dir='ltr'>rum</span> <span class='ocrx_word' id='word_1_276' title='bbox 563 4937 643 5013; x_wconf 89' lang='lat' dir='ltr'>sine</span> <span class='ocrx_word' id='word_1_277' title='bbox 670 4963 784 5014; x_wconf 89' lang='lat' dir='ltr'>sensu</span> <span class='ocrx_word' id='word_1_278' title='bbox 812 4935 843 5011; x_wconf 89' lang='lat' dir='ltr'>si</span> <span class='ocrx_word' id='word_1_279' title='bbox 870 4935 1003 5012; x_wconf 87' lang='lat' dir='ltr'>vivant</span> <span class='ocrx_word' id='word_1_280' title='bbox 1035 4936 1234 5012; x_wconf 84' lang='lat' dir='ltr'>amantes?</span> <span class='ocrx_word' id='word_1_281' title='bbox 1260 4937 1314 5012; x_wconf 76' lang='lat' dir='ltr'>Et</span> <span class='ocrx_word' id='word_1_282' title='bbox 1338 4935 1419 5012; x_wconf 88' lang='lat' dir='ltr'>alas</span> <span class='ocrx_word' id='word_1_283' title='bbox 1454 4935 1608 5037; x_wconf 87' lang='lat' dir='ltr'>quidem</span> <span class='ocrx_word' id='word_1_284' title='bbox 1642 4934 1792 5035; x_wconf 83' lang='lat' dir='ltr'>telaque</span> <span class='ocrx_word' id='word_1_285' title='bbox 1823 4933 1938 5010; x_wconf 85' lang='lat' dir='ltr'>Amo·</span> 
     </span>
     <span class='ocr_line' id='line_1_31' title="bbox 449 5061 1936 5182; baseline -0.005 -23"><span class='ocrx_word' id='word_1_286' title='bbox 449 5109 529 5159; x_wconf 86' lang='lat' dir='ltr'>rem</span> <span class='ocrx_word' id='word_1_287' title='bbox 555 5107 693 5182; x_wconf 82' lang='lat' dir='ltr'>gerere3</span> <span class='ocrx_word' id='word_1_288' title='bbox 722 5079 854 5155; x_wconf 91' lang='lat' dir='ltr'>sedin</span> <span class='ocrx_word' id='word_1_289' title='bbox 883 5105 994 5156; x_wconf 91' lang='lat' dir='ltr'>suum</span> <span class='ocrx_word' id='word_1_290' title='bbox 1022 5105 1087 5154; x_wconf 91' lang='lat' dir='ltr'>cor</span> <span class='ocrx_word' id='word_1_291' title='bbox 1113 5105 1201 5156; x_wconf 93' lang='lat' dir='ltr'>cum</span> <span class='ocrx_word' id='word_1_292' title='bbox 1234 5061 1481 5172; x_wconf 88' lang='lat' dir='ltr'>advolaverit,</span> <span class='ocrx_word' id='word_1_293' title='bbox 1507 5077 1561 5154; x_wconf 91' lang='lat' dir='ltr'>ibi</span> <span class='ocrx_word' id='word_1_294' title='bbox 1588 5087 1688 5154; x_wconf 87' lang='lat' dir='ltr'>certe</span> <span class='ocrx_word' id='word_1_295' title='bbox 1714 5075 1824 5152; x_wconf 88' lang='lat' dir='ltr'>illum</span> <span class='ocrx_word' id='word_1_296' title='bbox 1855 5103 1936 5179; x_wconf 90' lang='lat' dir='ltr'>per·</span> 
     </span>
     <span class='ocr_line' id='line_1_32' title="bbox 450 5217 1936 5324; baseline -0.005 -24"><span class='ocrx_word' id='word_1_297' title='bbox 450 5225 588 5302; x_wconf 83' lang='lat' dir='ltr'>didisse</span> <span class='ocrx_word' id='word_1_298' title='bbox 615 5248 771 5324; x_wconf 89' lang='lat' dir='ltr'>pennas,</span> <span class='ocrx_word' id='word_1_299' title='bbox 800 5219 1070 5320; x_wconf 87' lang='lat' dir='ltr'>assiduumque</span> <span class='ocrx_word' id='word_1_300' title='bbox 1097 5219 1198 5297; x_wconf 88' lang='lat' dir='ltr'>bella</span> <span class='ocrx_word' id='word_1_301' title='bbox 1225 5247 1294 5298; x_wconf 91' lang='lat' dir='ltr'>suo</span> <span class='ocrx_word' id='word_1_302' title='bbox 1319 5220 1506 5322; x_wconf 84' lang='lat' dir='ltr'>sanguine</span> <span class='ocrx_word' id='word_1_303' title='bbox 1532 5245 1670 5322; x_wconf 90' lang='lat' dir='ltr'>gerere.</span> <span class='ocrx_word' id='word_1_304' title='bbox 1696 5217 1835 5294; x_wconf 88' lang='lat' dir='ltr'>Pareat</span> <span class='ocrx_word' id='word_1_305' title='bbox 1862 5217 1936 5295; x_wconf 89' lang='lat' dir='ltr'>sibi</span> 
     </span>
     <span class='ocr_line' id='line_1_33' title="bbox 450 5364 1444 5465; baseline -0.006 -21"><span class='ocrx_word' id='word_1_306' title='bbox 450 5367 601 5444; x_wconf 87' lang='lat' dir='ltr'>tandem</span> <span class='ocrx_word' id='word_1_307' title='bbox 630 5365 759 5462; x_wconf 73' lang='lat' dir='ltr'>Amor,</span> <span class='ocrx_word' id='word_1_308' title='bbox 788 5389 963 5465; x_wconf 90' lang='lat' dir='ltr'>namque,</span> <span class='ocrx_word' id='word_1_309' title='bbox 993 5389 1031 5440; x_wconf 89' lang='lat' dir='ltr'>se</span> <span class='ocrx_word' id='word_1_310' title='bbox 1059 5375 1221 5461; x_wconf 90' lang='lat' dir='ltr'>mortuo,</span> <span class='ocrx_word' id='word_1_311' title='bbox 1249 5364 1336 5465; x_wconf 89' lang='lat' dir='ltr'>quis</span> <span class='ocrx_word' id='word_1_312' title='bbox 1363 5365 1444 5456; x_wconf 88' lang='lat' dir='ltr'>erit,</span> 
     </span>
    </p>
   </div>
   <div class='ocr_carea' id='block_1_5' title="bbox 741 5645 1564 5838">
    <p class='ocr_par' dir='ltr' id='par_1_8' title="bbox 741 5645 1564 5838">
     <span class='ocr_line' id='line_1_34' title="bbox 741 5645 1564 5734; baseline -0.004 -19"><span class='ocrx_word' id='word_1_313' title='bbox 741 5649 801 5732; x_wconf 84' lang='lat' dir='ltr'>Qui</span> <span class='ocrx_word' id='word_1_314' title='bbox 823 5652 916 5734; x_wconf 87' lang='lat' dir='ltr'>caput</span> <span class='ocrx_word' id='word_1_315' title='bbox 938 5651 970 5718; x_wconf 89' lang='lat' dir='ltr'>ct</span> <span class='ocrx_word' id='word_1_316' title='bbox 993 5649 1105 5734; x_wconf 83' lang='lat' dir='ltr'>digitos</span> <span class='ocrx_word' id='word_1_317' title='bbox 1128 5647 1160 5716; x_wconf 83' lang='lat' dir='ltr'>ct</span> <span class='ocrx_word' id='word_1_318' title='bbox 1182 5647 1300 5716; x_wconf 84' lang='lat' dir='ltr'>lumina</span> <span class='ocrx_word' id='word_1_319' title='bbox 1323 5647 1411 5734; x_wconf 86' lang='lat' dir='ltr'>nigra</span> <span class='ocrx_word' id='word_1_320' title='bbox 1433 5645 1564 5730; x_wconf 85' lang='lat' dir='ltr'>puellae,</span> 
     </span>
     <span class='ocr_line' id='line_1_35' title="bbox 785 5753 1495 5838; baseline -0.006 -16"><span class='ocrx_word' id='word_1_321' title='bbox 785 5759 824 5824; x_wconf 80' lang='lat' dir='ltr'>ut</span> <span class='ocrx_word' id='word_1_322' title='bbox 847 5761 937 5824; x_wconf 85' lang='lat' dir='ltr'>canat</span> <span class='ocrx_word' id='word_1_323' title='bbox 961 5759 997 5824; x_wconf 84' lang='lat' dir='ltr'>ut</span> <span class='ocrx_word' id='word_1_324' title='bbox 1019 5756 1138 5826; x_wconf 83' lang='lat' dir='ltr'>soleant</span> <span class='ocrx_word' id='word_1_325' title='bbox 1160 5755 1293 5824; x_wconf 86' lang='lat' dir='ltr'>molliter</span> <span class='ocrx_word' id='word_1_326' title='bbox 1317 5755 1359 5824; x_wconf 84' lang='lat' dir='ltr'>ire</span> <span class='ocrx_word' id='word_1_327' title='bbox 1383 5753 1495 5838; x_wconf 78' lang='lat' dir='ltr'>pedes?</span> 
     </span>
    </p>
   </div>
   <div class='ocr_carea' id='block_1_6' title="bbox 0 0 2110 6598">
    <p class='ocr_par' dir='ltr' id='par_1_9' title="bbox 0 0 2110 6598">
     <span class='ocr_line' id='line_1_36' title="bbox 0 0 2110 6598; baseline 0 1"><span class='ocrx_word' id='word_1_328' title='bbox 0 0 2110 6598; x_wconf 95' lang='lat' dir='ltr'> </span> 
     </span>
    </p>
   </div>
  </div>
 </body>
</html>
