4210 6598
864 749 1074 820 ..13-

227 939 284 1004 est
317 927 423 1004 Rem.
461 923 718 1004 Sabbadinius
752 951 788 1000 v.
819 923 867 1000 ol.
902 924 1065 1026 quadam
1101 923 1375 1026 scriptiuncula
1408 925 1449 1000 in
1485 923 1708 1002 Florentina

226 1070 328 1146 edita
353 1068 587 1172 ephemeride
614 1069 677 1145 eui
710 1066 881 1145 titulus<
899 1066 1049 1144 Ateus
1080 1094 1101 1144 e
1132 1067 1273 1144 Roma
1299 1065 1340 1172 (¹)
1358 1097 1395 1143 r.
1411 1067 1450 1143 Is
1468 1067 1569 1144 enim
1588 1093 1634 1143 ex
1650 1068 1707 1142 in-

226 1224 332 1315 tegro
358 1214 617 1314 quaestionem
640 1223 825 1314 repetens,
846 1211 965 1288 veluti
992 1211 1240 1288 fundamenta
1266 1211 1436 1288 iacturas
1453 1211 1524 1287 hoc
1543 1211 1707 1312 primum

227 1355 375 1432 statuit:
405 1383 590 1433 -eum
621 1354 806 1432 librum
845 1355 930 1457 qni
969 1353 1121 1456 vulgo
1153 1355 1315 1431 fertur
1349 1354 1381 1430 Ι.
1415 1355 1472 1431 ad
1504 1353 1708 1431 Tullum

225 1523 249 1572 a
279 1497 545 1599 Propertio
585 1524 749 1600 perse
785 1497 964 1574 editum
1004 1497 1131 1574 sutis
1173 1507 1392 1594 constet,
1427 1497 1469 1574 ei
1508 1483 1732 1598 Prolopum¹

225 1650 272 1714 et
320 1639 517 1741 Epiloqum
566 1652 760 1742 poetam
809 1638 1106 1741 adposuisse
1154 1639 1357 1717 credere
1405 1666 1610 1716 neeesse
1655 1683 1708 1698 -

224 1780 287 1858 Ad
313 1781 519 1884 Prologum
547 1808 636 1860 vero
661 1783 765 1884 quod
791 1782 940 1878 attinet,
961 1781 1076 1858 huius
1101 1793 1227 1884 partes
1253 1783 1414 1883 primam
1440 1782 1610 1884 elegiam,
1630 1808 1707 1883 quo

225 1923 274 2000 ad
308 1949 379 2000 nos
412 1925 584 2026 pervenit
617 1937 720 2002 statu
754 1951 866 2026 agere
897 1924 978 2001 ullo
1011 1925 1125 2002 modo
1157 1951 1268 2026 posse
1300 1936 1427 2030 negat,
1461 1925 1520 2000 his
1554 1924 1707 2026 quidem

223 2067 401 2144 maxime:
436 2068 570 2169 primo,
598 2067 702 2170 quod
735 2067 920 2170 plurimas
946 2067 987 2146 in
1014 2094 1059 2145 ea
1091 2093 1271 2170 personas
1306 2065 1516 2172 (universos
1549 2067 1709 2144 lectores

223 2235 288 2285 vv.
319 2212 416 2306 1-8.,
436 2209 595 2288 'Pullum
622 2209 786 2290 amioum
813 2238 878 2289 vv.
908 2214 1031 2308 9-18,
1061 2237 1172 2314 sagas
1198 2239 1262 2288 vv.
1294 2213 1440 2308 1924„
1467 2238 1597 2288 omnes
1619 2210 1709 2288 ami-

225 2378 289 2429 cos
315 2380 380 2430 vv.
401 2353 550 2450 25-30.‚
577 2366 748 2431 amantes
775 2353 974 2432 universos
992 2353 1148 2456 reliquis
1174 2383 1239 2433 vv.
1258 2355 1307 2432 ad
1329 2353 1462 2460 finem)
1488 2353 1708 2456 Propertius

223 2494 453 2598 alloquatur,
482 2497 586 2598 quod
612 2497 770 2600 prologo
797 2468 999 2600 repugnet:
1028 2496 1176 2594 deinde,
1204 2499 1308 2600 quod
1334 2525 1466 2578 versus
1492 2497 1557 2574 ille
1583 2497 1678 2602 (21):

475 2751 493 2787 e
517 2726 563 2792 En
587 2727 731 2814 agedum,
753 2728 893 2796 dominae
915 2731 1050 2796 mentem
1073 2729 1241 2797 convertite
1262 2732 1383 2799 nostrae
1406 2758 1424 2794 »

225 2937 407 3014 indicium
435 2939 485 3014 sit
511 2940 633 3035 nobis,
662 2966 756 3016 voce
781 2945 984 3035 consuescite,
1008 2944 1180 3020 nondum
1197 2971 1221 3020 a
1239 2943 1409 3049 Cynthia
1436 2956 1530 3020 tune
1556 2953 1707 3046 poetam

212 3081 430 3166 ,admissum
457 3081 584 3180 fuisse,
609 3097 742 3162 eontra
768 3111 814 3162 ao
840 3085 988 3189 prologi
1013 3088 1110 3164 ratio
1137 3087 1233 3164 serat
1261 3089 1330 3190 qui
1357 3087 1516 3166 ultimus
1543 3087 1708 3189 scriptus

220 3217 272 3304 'sit
298 3224 509 3303 habendus.
537 3223 691 3330 Prologl
724 3228 868 3331 alioqui
894 3228 1015 3306 veluti
1045 3229 1180 3308 faeiem
1206 3258 1297 3334 prae
1323 3257 1363 3308 se
1388 3230 1483 3307 ferre
1509 3229 1610 3306 hane
1637 3228 1708 3305 ela

222 3366 325 3470 giam
352 3368 549 3447 contendit
576 3371 845 3469 Sabbadinius,
868 3372 948 3449 sive
973 3373 1127 3452 initium
1153 3386 1365 3478 spectemus
1391 3402 1468 3477 quo
1495 3374 1536 3450 in
1563 3373 1707 3450 medias

223 3537 282 3587 res
308 3513 492 3590 continuo
526 3514 762 3612 adducimur,
790 3517 1010 3619 praesertim
1040 3545 1130 3596 vero
1161 3545 1250 3596 eum
1281 3518 1473 3624 Cynthiae
1499 3543 1638 3594 nomen
1665 3517 1706 3592 in

223 3652 347 3729 fronte
366 3655 416 3732 sit
432 3655 614 3757 positum;
643 3658 723 3737 sive
748 3671 934 3738 extremos
951 3688 1084 3739 versus
1101 3661 1381 3739 consideremus
1398 3661 1540 3762 quihus
1562 3684 1704 3754 omnes,

222 3795 461 3875 solemnitate
487 3801 664 3902 quadarn,
692 3803 759 3904 qui
785 3815 917 3880 amant
942 3804 1122 3882 admonet
1147 3814 1259 3907 poeta
1284 3814 1330 3880 ut
1355 3830 1402 3879 ex
1428 3803 1509 3879 eius
1535 3799 1706 3902 exemplo

91 4051 93 4058 y
221 3954 386 4018 caveant
404 3941 445 4018 in
465 3943 565 4022 idern
591 3945 712 4047 ipsius
736 3946 882 4024 malum
909 3959 1046 4025 temere
1072 3947 1256 4026 incidant.
1275 3948 1485 4042 Praeterea,
1504 3971 1592 4022 cum
1620 3971 1707 4021 con·

220 4084 355 4162 tranas
388 4085 511 4163 inesse
537 4089 744 4168 sententias
777 4090 933 4168 omnino
959 4103 1111 4195 putaret
1143 4091 1221 4169 illis
1244 4118 1344 4194 quae
1371 4118 1481 4193 sagas
1513 4101 1597 4166 orat
1626 4088 1705 4193 (vv.

223 4227 368 4332 19-24.)
395 4242 433 4306 et
463 4229 540 4307 illis
570 4259 668 4334 quae
695 4235 746 4310 ab
771 4234 903 4311 amicis
935 4237 1030 4338 petit
1056 4235 1134 4340 (vv.
1163 4234 1309 4339 25-30.)
1335 4246 1465 4337 poeta;
1495 4234 1586 4312 satis
1612 4233 1705 4311 haee

223 4394 410 4474 superque
438 4373 510 4450 sibi
538 4374 647 4452 duxit
673 4388 729 4473 ut,
757 4378 861 4454 omni
895 4405 961 4480 spe
993 4379 1147 4456 dimissa
1177 4379 1256 4457 lore
1281 4385 1326 4458 ut
1352 4405 1533 4480 umquam
1561 4404 1607 4453 ex
1633 4377 1706 4453 hae

222 4513 343 4615 elegia
369 4516 578 4616 probabilis
603 4546 736 4597 sensus
763 4519 983 4618 excudatur,
1002 4548 1104 4599 more
1122 4523 1384 4625 ehirurgorum
1402 4521 1460 4627 (qt
1483 4519 1706 4598 Sabbadinii

223 4663 311 4732 utar
336 4659 477 4764 verbis)
502 4660 568 4762 qui
595 4661 808 4741 insanabile
835 4676 966 4742 secant
991 4666 1215 4762 membrum,
1243 4664 1316 4742 sibi
1342 4691 1493 4766 quoque
1520 4663 1581 4739 hic
1609 4662 1706 4739 ferro

224 4798 281 4873 uti
308 4799 418 4902 copia
450 4797 613 4882 daretur.
642 4805 803 4882 Duobus
836 4807 954 4908 igitur
979 4807 1079 4885 hanc
1113 4809 1242 4912 elegiis
1274 4809 1521 4885 constitutum
1555 4806 1707 4909 putavit

223 4940 282 5016 vir
308 4941 455 5040 doctus,
482 4944 610 5048 inepte
636 4973 660 5023 a
686 4946 841 5026 librario
874 4952 1039 5054 quodam
1066 4953 1179 5031 simul
1207 4952 1413 5055 permixtis,
1443 4950 1599 5055 prologo
1627 4951 1706 5028 sive

224 5083 342 5187 elegia
376 5086 510 5164 ultima
544 5089 695 5192 scripta,
728 5093 795 5194 qui
825 5095 998 5172 versibus
1030 5121 1054 5172 a
1081 5101 1116 5172 1.
1145 5097 1194 5173 ad
1224 5101 1259 5175 8.
1287 5109 1401 5198 atque
1428 5124 1491 5172 vv.
1519 5107 1606 5198 post
1641 5097 1704 5171 24.

225 5228 413 5305 adfinem
448 5232 625 5310 omnibus
659 5235 932 5324 contineretur:
961 5250 1076 5342 atque
1106 5239 1226 5342 elegia
1258 5241 1379 5342 prima
1413 5240 1553 5342 scripta
1580 5266 1626 5317 ex
1652 5266 1706 5316 re-

224 5369 337 5473 liquis
363 5375 535 5450 versibus
562 5375 599 5480 (a
628 5381 663 5452 9.
691 5378 740 5454 ad
769 5380 863 5480 24.),
892 5407 990 5482 quae
1016 5410 1095 5460 una
1121 5385 1169 5461 ad
1197 5383 1294 5461 illud
1328 5395 1476 5487 tempus
1503 5381 1708 5485 pertineret

282 5797 327 5880 (1)
349 5801 444 5861 Alone
464 5819 481 5862 e
502 5803 609 5879 Roma,
630 5805 762 5880 Fireuze,
784 5808 861 5869 Anu.
882 5807 920 5882 11,
941 5809 969 5870 7.
990 5827 1018 5886 p.
1039 5811 1088 5873 ‘tt'a
1111 5811 1197 5872 1899.
