4210 6598
891 610 1102 684 -15-

255 783 469 898 exemplum
495 785 675 887 proximis
702 786 768 888 qui
795 788 1028 889 praecedunt
1057 796 1344 888 sequunturque
1370 785 1543 862 versibus
1570 795 1657 888 apte
1683 784 1738 860 ita

255 955 469 1005 connexum
495 930 582 1031 quis
610 957 687 1007 non
715 930 865 1023 viderit,
892 929 999 1007 velut
1029 956 1144 1007 aureo
1170 955 1358 1031 gemmam
1385 928 1572 1006 inclusam
1606 928 1734 1023 anulo,

255 1072 357 1148 unde
384 1083 549 1174 nequeat
574 1073 766 1150 amoveri?

306 1214 492 1316 Denique,
524 1226 739 1317 postquam,
770 1229 815 1293 ut
848 1217 989 1319 cuique
1017 1216 1143 1313 libuit,
1172 1215 1273 1292 intra
1305 1217 1401 1292 fines
1433 1211 1737 1292 coniecturarum

253 1355 417 1432 multum
444 1357 531 1454 iam,
551 1357 659 1434 nullo
687 1371 814 1436 tamen
841 1360 1025 1461 profectu,
1044 1327 1295 1461 persultatum
1323 1369 1394 1435 est:
1423 1357 1564 1434 relictis
1582 1358 1736 1434 omuino

252 1524 349 1599 quae
371 1526 394 1574 a
417 1499 927 1579 LachmannoSabbadinio
954 1502 1161 1603 ceterisque
1188 1505 1277 1578 sunt
1303 1500 1466 1601 prolata:
1496 1500 1542 1576 de
1570 1499 1629 1576 his
1657 1511 1738 1576 tan-

252 1642 338 1718 dem
363 1643 463 1720 inter
489 1669 620 1720 omnes
646 1645 849 1734 convenire
875 1656 1034 1747 oportet,
1063 1657 1102 1720 et
1128 1644 1268 1746 optime
1286 1670 1309 1718 a
1326 1643 1433 1725 libris
1461 1669 1550 1720 mss.
1579 1644 1737 1720 huiusce

252 1784 394 1885 elegiae
426 1786 589 1861 litteram
622 1799 821 1883 servatam,
850 1787 1110 1889 optimumque
1143 1765 1296 1863 sensuin
1330 1813 1416 1860 eum
1450 1813 1530 1862 esse
1563 1786 1642 1886 qui,
1675 1783 1737 1861 vel

251 1926 374 2027 primo
406 1927 558 2022 obtutu,
586 1929 636 2003 ob
669 1928 800 2005 oculos
833 1929 950 2018 venit,
977 1955 1113 2030 nempe
1143 1927 1195 2032 (et
1228 1955 1376 2004 mecum
1396 1928 1450 2003 'in
1484 1927 1556 2004 hoc
1589 1928 1737 2030 gaudeo

252 2069 356 2169 quod
387 2068 538 2146 Giriu'm
569 2068 613 2174 (¹)
644 2071 819 2176 habeam)
851 2117 905 2130 -
938 2071 1138 2174 elegiam
1174 2071 1367 2172 primam
1403 2070 1518 2147 libri
1551 2071 1583 2147 Ι.
1630 2071 1737 2147 Pro-

253 2212 454 2313 pertium
484 2213 860 2315 scripsisse-cum
888 2213 1091 2302 nondum
1124 2211 1540 2316 Cynthiacamore
1566 2214 1736 2315 potitus

253 2365 400 2452 esset;
430 2360 635 2457 eumque
666 2357 821 2458 ipsam
849 2355 1230 2450 locumtenere,
1259 2365 1303 2431 et
1329 2355 1526 2431 ratione
1558 2367 1738 2458 tempo·

252 2498 338 2595 ris,
367 2509 412 2574 et
437 2499 577 2601 quod,
606 2498 683 2576 vel
712 2526 829 2576 casu
857 2497 931 2576 v'cl
959 2499 1119 2576 dedita
1152 2510 1311 2600 poetae
1342 2524 1497 2599 opera,
1536 2498 1737 2600 speciem

252 2642 510 2742 quamdam
537 2643 850 2744 praeseferat
876 2641 1133 2744 prooemii.
1162 2685 1214 2700 -

306 2781 485 2885 Amplius
501 2783 573 2860 hoc
598 2812 776 2886 quaerere
804 2811 925 2888 neque
952 2785 1167 2862 criticorum
1187 2795 1244 2860 est
1262 2809 1385 2884 neque
1402 2782 1524 2861 hilum
1550 2785 1735 2886 proficiet:

252 2926 471 3026 praesertim
498 2953 586 3002 cum
613 2926 710 3004 illud
728 2927 769 3003 in
787 2938 964 3030 promptu
992 2928 1053 3022 sit,
1077 2927 1272 3029 Propertio
1289 2927 1330 3002 in
1350 2927 1477 3002 animo
1504 2954 1582 3004 non
1610 2927 1736 3025 fuisse,

253 3068 310 3148 uti
337 3068 489 3170 quidem
507 3070 782 3147 nonnullorum
800 3070 882 3147 ¹fuit
908 3070 1048 3173 opinio,
1067 3069 1262 3146 historiam
1281 3069 1340 3146 sui
1359 3069 1496 3146 amoris
1515 3070 1737 3160 continuam

253 3224 291 3288 et
308 3224 396 3315 apte
414 3214 661 3314 compositam
679 3240 842 3308 exarare,
857 3213 1059 3314 quomodo,
1077 3210 1236 3312 exempli
1256 3211 1390 3313 gratia,
1410 3211 1594 3313 Aligherii
1609 3213 1737 3316 ¹opella

252 3383 292 3432 se
305 3355 421 3432 habet
438 3383 536 3458 quae
551 3357 797 3468 inscribitur«
811 3357 902 3432 Vita
919 3355 1030 3431 Nova
1048 3383 1086 3430 »ι
1106 3354 1171 3430 sed
1190 3353 1316 3454 potius
1333 3353 1557 3430 Petrurchae
1571 3381 1684 3450 more,
1697 3353 1736 3458 (Σ)

253 3511 299 3573 ut
331 3524 484 3599 quoquo
517 3512 682 3600 tempore
714 3500 793 3575 veri
823 3497 961 3574 amoris
995 3496 1218 3610 adfectibus,
1252 3496 1362 3572 cuius
1391 3522 1489 3598 quae
1520 3497 1570 3572 sit
1600 3496 1736 3573 levitas

254 3645 375 3716 nescit
404 3667 527 3738 nemo,
560 3654 851 3744 permoveretur,
884 3653 966 3716 tum
997 3641 1052 3716 ita
1087 3639 1260 3741 singulas
1290 3637 1429 3738 elegias
1461 3640 1733 3741 composuisse:

253 3785 388 3862 harum
419 3795 562 3887 postea,
596 3797 638 3861 ut
669 3784 718 3860 ad
750 3785 927 3860 idoneum
960 3810 1159 3859 numerum
1191 3782 1434 3884 provexisset,
1462 3783 1609 3859 reiectis
1641 3783 1737 3860 forte

253 3926 457 4028 aliquibus,
486 3927 542 4002 uti
570 3928 625 4022 fit,
646 3926 772 4002 miuus
799 3925 984 4027 expolitis,
1012 3925 1188 4028 reliquas,
1208 3925 1353 4001 ratione
1381 3935 1531 4001 tantum
1558 3927 1737 4028 temporis

307 4339 467 4352 —ffl

254 4583 424 4643 madvertas
445 4582 548 4643 velim.
566 4581 657 4643 Aliud
679 4582 732 4643 illa
752 4600 810 4642 non
830 4599 895 4642 esse
915 4597 1003 4658 quam
1024 4581 1176 4656 exempla,
1192 4597 1266 4656 quae
1287 4580 1350 4656 ipse
1370 4585 1455 4657 poeta
1477 4565 1661 4658 nuncupatur
1682 4581 1735 4662 (cf.

254 4682 292 4741 11.
313 4683 341 4753 6,
364 4679 439 4760 19.),
460 4681 541 4740 omni
563 4681 657 4741 lerum
677 4681 794 4760 poetico
812 4686 917 4740 ornatu
939 4679 1079 4749 carentia,
1096 4679 1134 4738 ad
1150 4675 1271 4754 aliquod
1292 4676 1475 4738 tirumudum
1495 4677 1545 4736 vel
1566 4678 1687 4751 factum,
1703 4687 1735 4740 ut

252 4779 393 4850 diximus,
408 4779 457 4838 vel
472 4779 584 4840 dictum
599 4797 617 4839 a
632 4787 715 4857 poeta
731 4778 856 4856 prolata.
870 4776 942 4838 Illas
956 4783 1054 4837 autem
1075 4775 1290 4834 similitudines
1303 4793 1378 4848 csse,
1393 4775 1562 4836 virissimis
1583 4776 1733 4838 coloribus

252 4878 294 4937 ita
315 4878 488 4956 descriptas,
508 4879 639 4954 itemque
658 4878 749 4937 simul
770 4882 962 4936 coacervatas
983 4881 1023 4946 ut,
1043 4892 1100 4951 qua
1121 4873 1318 4934 concitatione
1337 4873 1431 4933 animi
1453 4879 1537 4950 poeta
1560 4879 1623 4934 tum
1644 4883 1732 4946 esset,

252 4976 293 5034 ita
315 4975 459 5034 lectorum
481 4975 597 5034 animos
618 4982 685 5052 apte
706 4974 743 5034 ad
764 4993 798 5034 ea
820 4974 997 5050 disponeret,
1018 4973 1124 5048 quibus
1145 4971 1183 5030 ad
1205 4971 1368 5031 cauendum
1390 4970 1454 5047 ipso
1475 4977 1553 5030 esset
1573 4979 1736 5048 permotus.

304 5073 386 5143 Quae
399 5073 425 5132 si
441 5071 476 5133 L.
491 5073 647 5132 Mutlerus
659 5072 930 5143 animadvertisset,
946 5087 1003 5132 non
1024 5069 1236 5147 postposuisset
1252 5068 1399 5128 distichon
1419 5068 1483 5129 7·8.
1498 5068 1551 5149 (el.
1566 5071 1596 5131 8.
1613 5069 1666 5134 lib,
1681 5069 1735 5149 11.)

249 5171 317 5230 dist.
338 5171 425 5230 9·10:
447 5189 540 5246 nequa
560 5171 688 5241 Birtius,
702 5189 739 5229 es
757 5170 860 5230 eadem
882 5169 930 5240 el,
945 5186 998 5229 vv.
1011 5168 1111 5240 aii-40,
1132 5166 1215 5227 velut
1236 5165 1386 5242 integrum
1407 5183 1538 5240 carmen,
1558 5167 1735 5254 amisisset:

251 5269 334 5339 item,
355 5286 448 5345 nequo
468 5269 685 5346 Hertrberpias
705 5269 736 5328 iu
757 5268 830 5328 duas
851 5267 1005 5327 divisisset
1024 5266 1064 5328 el.
1085 5265 1112 5325 1.
1133 5265 1186 5324 lib.
1207 5265 1262 5324 111.
1283 5263 1351 5324 inde
1371 5282 1388 5324 a
1410 5282 1440 5326 v.
1458 5265 1507 5324 41:
1528 5283 1621 5341 neque
1640 5265 1736 5326 variis

250 5385 288 5426 ex
309 5367 464 5444 particulis
486 5368 616 5444 ineptum
638 5367 712 5426 illud
733 5383 853 5426 carmen
874 5365 1049 5425 confecisset
1069 5362 1301 5437 Heimrcicbius,
1323 5363 1359 5424 de
1379 5363 1478 5440 quoin
1496 5364 1536 5424 11.
1557 5364 1735 5434 Quaestione

251 5466 311 5526 crit
330 5466 525 5542 propositum.
642 5479 647 5490 ⁴
1247 5454 1250 5460 ’

306 5562 354 5643 (1)
375 5564 412 5622 G.
433 5564 511 5635 Giri,
533 5564 552 5624 l.
575 5583 600 5626 c.

307 5663 354 5741 (⁶2)
375 5663 423 5722 Cf:
447 5663 527 5724 Patr.
550 5664 582 5723 lu
606 5681 644 5724 m.
666 5661 695 5722 di
717 5662 759 5723 hl.
783 5662 815 5722 L.
837 5663 906 5722 Son.
927 5661 1027 5721 XXV.
1048 5659 1133 5720 9-11.
