4210 6598
855 643 1065 718 ...75-

942 957 982 1034 ll

405 1187 569 1268 Ennius
595 1189 756 1268 hirsuta
783 1193 923 1290 cingat
950 1215 1027 1270 sua
1054 1192 1163 1270 dicta
1191 1212 1358 1271 corona:

458 1333 522 1412 Mi
548 1333 647 1414 folia
673 1357 725 1414 ex
751 1337 903 1414 hedera
930 1336 1104 1433 porrige,
1129 1336 1306 1426 Bacche,
1333 1342 1418 1428 tua,

407 1477 465 1555 Ut
492 1481 646 1556 noscis
673 1477 898 1556 tumefacta
924 1479 1134 1576 superbiat
1160 1479 1333 1558 Umbria
1359 1478 1487 1568 libris,

458 1621 631 1700 Umbria
658 1623 837 1700 Romani
862 1622 995 1719 petria
1021 1613 1276 1698 caillrnachi.

406 1763 661 1842 Scandentes
688 1736 876 1864 quisquis
903 1771 1043 1841 cernet
1069 1767 1121 1840 de
1147 1765 1327 1840 vallibus
1354 1785 1482 1856 arces,

459 1908 631 2006 Ingenio
658 1927 801 1986 muros
828 1907 1020 1985 aestimet
1046 1907 1114 1984 ille
1141 1928 1247 1984 meo.

1207 2085 1326 2164 Paor.
1354 2082 1423 2162 lv,
1454 2089 1489 2180 1,
1521 2085 1565 2159 61
1598 2111 1701 2186 seqq.

272 2313 422 2392 Nemini
450 2329 550 2392 certe
576 2313 736 2392 dubium
758 2313 829 2394 erit
853 2315 947 2417 quin
970 2313 1088 2394 altero
1115 2313 1188 2398 hoo
1214 2314 1310 2414 loco,
1329 2316 1480 2396 dnobus
1507 2315 1703 2426 postremis

218 2457 402 2554 versibus,
425 2457 472 2536 de
491 2458 584 2537 urbe
600 2483 671 2536 sua
689 2455 807 2536 catali
825 2458 977 2538 locutus
996 2459 1046 2538 sit
1072 2459 1305 2560 Propertius:
1325 2457 1366 2562 (¹)
1383 2459 1487 2562 quod
1519 2459 1573 2538 ita
1590 2459 1702 2568 modo

217 2599 250 2676 is
277 2600 355 2702 egit
380 2611 436 2697 nt,
464 2626 696 2702 quemquam
728 2600 1066 2682 circumlocutione
1092 2627 1223 2680 rursus
1251 2603 1297 2680 de
1324 2628 1369 2678 ea
1395 2603 1531 2703 tetigit,
1558 2599 1703 2702 aliquid

219 2753 345 2818 tamen
373 2744 635 2820 memoraverit
665 2743 768 2845 quod
795 2743 974 2846 graphice
1001 2769 1083 2822 eam
1110 2743 1339 2846 depingeret,
1369 2755 1484 2845 atque
1515 2767 1539 2819 a
1567 2742 1702 2820 ceteris

217 2883 393 2962 omnibus
420 2883 555 2964 vicinis
581 2885 742 2963 urbibus
768 2883 882 2988 plane
907 2885 1195 2962 discriminarat.
1224 2927 1276 2944 -
1302 2883 1536 2982 Heroioa,
1565 2885 1701 2987 inquit,

218 3026 308 3102 alii
351 3027 581 3105 scribant
615 3040 857 3131 poemata:
894 3026 1048 3108 laetis
1089 3055 1177 3130 ego
1214 3027 1449 3105 versibus
1489 3026 1701 3131 gloriam

219 3197 419 3274 quaero;
462 3184 514 3248 ut
553 3169 772 3273 gaudeat
811 3171 1034 3266 Umbria,
1071 3171 1237 3276 patria
1277 3197 1396 3266 mea,
1433 3169 1701 3246 Romanum

219 3312 559 3422 Callimachum
587 3340 654 3390 me
680 3313 957 3412 vocitatum3
982 3324 1027 3390 et
1052 3313 1272 3416 quisquis
1300 3314 1353 3389 de
1372 3312 1547 3392 Umbra
1575 3311 1702 3388 valle

217 3458 367 3532 arbem
403 3453 443 3560 (³)
479 3457 713 3558 suspiciat
752 3456 1036 3534 scandentem
1076 3455 1123 3534 iu
1150 3455 1337 3551 collem,
1368 3452 1410 3560 (³)
1443 3453 1528 3532 ille
1565 3453 1698 3532 tanti

218 3599 335 3676 hanc
368 3600 526 3677 urbem
558 3599 707 3678 iaciat
735 3599 904 3702 quanti
936 3611 1007 3678 est
1036 3599 1279 3700 ingenium
1310 3625 1472 3677 meum.
1501 3640 1554 3656 -·

291 4079 339 4158 (1)
360 4079 408 4140 Cir
470 4081 641 4157 Paelignae
661 4080 745 4140 dicar
764 4078 861 4156 gloria
883 4079 981 4156 gentis
1001 4097 1076 4156 ego.
1089 4122 1117 4141 ..

431 4181 527 4254 Atque
547 4178 656 4255 aliquis
676 4185 812 4256 spectans
834 4179 939 4255 hospes
962 4176 1119 4238 Sulmonis
1139 4179 1240 4254 aquosi

471 4275 587 4336 Moenia
609 4294 684 4352 quae
703 4276 801 4353 campi
824 4277 927 4352 iugera
948 4293 1040 4353 pauca
1062 4283 1171 4348 meent,

430 4391 448 4430 s
470 4375 551 4444 Quae
573 4381 685 4434 matrem
710 4393 727 4432 r
748 4375 828 4434 dicat
848 4391 867 4433 ι
888 4375 1025 4452 potuistis
1047 4374 1125 4434 serre
1147 4381 1273 4452 poetam,

472 4471 745 4549 Quantulacumque
765 4473 847 4545 cetis,
869 4489 924 4534 vos
943 4489 1000 4549 ego
1022 4489 1128 4550 magna
1150 4489 1235 4534 voce.
1257 4495 1274 4532 e

1162 4571 1234 4648 (Ov.
1255 4573 1325 4631 Am.
1345 4571 1399 4630 111.
1422 4569 1469 4642 15,
1489 4569 1518 4639 8,
1541 4569 1646 4646 llas)

274 4703 321 4784 (2)
337 4705 558 4764 Aroes-muros
582 4705 639 4765 duo
662 4705 764 4765 eadem
781 4703 829 4764 hio
843 4710 920 4775 eunt,
935 4703 1063 4781 figurate
1077 4711 1203 4780 utraque
1217 4721 1272 4784 pro
1285 4705 1369 4764 rrrbe.
1384 4705 1463 4764 Loco
1477 4704 1570 4764 simili
1587 4703 1655 4784 (IV.
1672 4702 1700 4775 1,

220 4801 341 4882 125-6),
369 4803 482 4880 dequo
503 4803 563 4862 iam
585 4804 644 4863 iam
667 4805 726 4863 erit
746 4819 854 4874 sermm
878 4809 1003 4879 utroque
1026 4801 1056 4861 in
1083 4817 1173 4862 versu
1193 4809 1240 4862 est
1259 4819 1377 4862 mann.
1403 4803 1541 4862 Ceterum
1563 4801 1699 4878 frequens

217 4901 294 4977 apud
316 4909 449 4960 nostrum
469 4919 539 4960 usus
559 4908 604 4960 est
624 4901 719 4960 altero
742 4902 771 4960 in
791 4901 912 4960 distichi
939 4917 1037 4968 versu
1056 4901 1185 4976 quadam
1207 4901 1290 4960 velut
1312 4901 1353 4972 vi,
1375 4900 1553 4960 locutionem
1574 4899 1698 4960 alterius

218 4999 399 5074 geminaret,
420 5005 471 5058 aut
491 4999 603 5058 eisdem
626 4999 698 5075 ipsis
720 5000 831 5069 vulsie,
852 4999 929 5076 quod
950 4999 1084 5058 crebrius
1107 4997 1140 5058 111
1161 4998 1199 5078 (1.
1219 4999 1249 5068 3,
1266 4997 1368 5070 meo,
1388 4997 1500 5071 31-323
1522 4997 1570 5070 11,
1590 4997 1699 5070 28-29;

218 5097 258 5156 11.
277 5096 326 5166 21,
348 5095 456 5170 36-37;
480 5096 529 5167 26,
550 5095 658 5168 «lo-463
679 5096 728 5168 32,
748 5096 858 5170 53-54,
879 5097 927 5168 34,
948 5095 1056 5166 85-86;
1077 5095 1129 5156 IV.
1152 5093 1180 5157 1.
1201 5095 1309 5168 63114;
1334 5095 1363 5168 9,
1384 5095 1505 5174 67-68),
1526 5101 1578 5156 aut
1599 5097 1699 5156 verbis

218 5195 434 5271 cognominatis
455 5197 532 5256 sicut
553 5195 611 5266 hic,
632 5201 670 5264 et,
692 5202 810 5272 praeter
831 5195 907 5254 hunc
929 5195 1039 5264 locum,
1061 5195 1092 5254 in
1113 5195 1136 5255 1.
1157 5195 1206 5266 22,
1227 5195 1300 5256 3-4.

270 5291 318 5370 (3)
339 5292 414 5352 Sunt
436 5293 487 5368 qui
508 5293 580 5352 haec
604 5293 756 5352 verbalia
778 5293 928 5352 ordinent:
949 5293 1088 5370 qnirqnir
1101 5299 1202 5352 cernet
1220 5307 1308 5352 arces
1318 5291 1498 5352 mandentes
1510 5291 1547 5352 de
1560 5291 1699 5361 uallibus,

217 5390 339 5466 perinde
358 5397 446 5464 atque
466 5397 605 5466 ageretur
626 5389 662 5452 ris
681 5387 756 5452 urhe
772 5391 939 5468 cplnnitie
954 5389 1113 5468 paulatin
1133 5390 1166 5450 in
1185 5390 1299 5450 clinum
1317 5389 1510 5450 mule:
1537 5388 1585 5450 cul
1609 5387 1701 5448 inter-

216 5488 384 5564 pretationi,
405 5495 524 5565 practer
549 5505 638 5566 qaam
657 5489 737 5566 quod
765 5487 835 5561 alia,
852 5506 931 5565 qaae
952 5505 1023 5550 mox
1050 5487 1299 5558 examinabimus,
1319 5487 1450 5548 maaian
1479 5493 1582 5564 poche
1605 5487 1699 5545 verta

215 5585 412 5648 adversentur
430 5583 605 5662 (consurgit
623 5588 733 5650 uertice
753 5589 884 5665 marus),
904 5585 1104 5662 mmmstica
1127 5587 1227 5666 chami
1241 5603 1360 5664 quoque
1381 5585 1468 5656 ratio,
1491 5602 1558 5645 cum
1580 5583 1701 5661 proprie

217 5684 362 5760 particula
384 5683 420 5744 rie
439 5691 559 5744 utantur
572 5685 676 5763 optimi
699 5684 859 5762 scriptores
882 5691 993 5744 motum
1010 5683 1123 5744 exalto
1144 5683 1282 5745 deorsum
1300 5683 1512 5776 siguifiqautes.
1534 5681 1578 5744 Ci.
1590 5682 1700 5744 etism:
