4210 6598
943 566 1128 637 ..7-

294 750 329 821 1.
350 743 396 821 el.
417 743 503 821 Lib.
524 742 554 820 I.
575 743 747 820 versibus
766 741 847 848 (31,
868 745 931 839 32,
952 744 1014 838 35,
1037 740 1118 846 36)
1136 740 1336 844 praecipue
1364 739 1489 820 verbis
1506 768 1643 842 semper
1662 768 1777 842 pares

291 899 329 964 et
347 900 497 981 assueto,
517 885 755 962 Lachmanni
782 884 1130 987 interpretationem
1158 885 1380 960 confirmare
1407 884 1668 981 videntur„at
1694 911 1778 986 poe

291 1039 382 1106 sunt
409 1039 547 1122 tamen,
567 1027 675 1104 nulla
700 1051 854 1129 prorsus
880 1035 1013 1128 poetae
1039 1025 1185 1102 ratione
1211 1024 1354 1122 habita,
1374 1027 1581 1104 universim
1599 1027 1777 1103 omnibus

291 1198 388 1274 quos
404 1197 448 1247 eo
466 1169 551 1246 loco
577 1170 797 1271 Propertius
823 1167 1031 1270 alloquitur
1048 1169 1182 1278 putari⁴
1202 1169 1315 1244 dicta.
1344 1213 1397 1229 --
1423 1170 1581 1266 Deinde,
1608 1170 1670 1247 cui
1698 1169 1775 1247 stili

291 1313 543 1416 discrepantia
569 1337 668 1414 quae
695 1311 771 1388 duo
798 1309 891 1388 haec
918 1311 1018 1388 inter
1046 1311 1227 1386 carmina
1244 1312 1444 1388 intercedit
1470 1339 1549 1389 non
1577 1321 1774 1415 appareat:

290 1483 378 1532 cum
405 1455 572 1551 alterius,
601 1455 626 1532 i.
655 1481 687 1532 e.
717 1455 789 1530 III.
822 1459 897 1550 16.,
925 1454 958 1529 is
984 1454 1139 1530 humilis
1174 1455 1223 1529 sit
1253 1465 1368 1556 atque
1399 1456 1589 1549 remissus,
1617 1467 1662 1531 ut
1689 1483 1776 1532 eum

289 1599 399 1676 decet
424 1598 492 1700 qui
518 1625 558 1674 se
584 1598 625 1673 in
653 1597 768 1700 culpa
795 1625 882 1674 vere
909 1598 1122 1698 profitetnr;
1151 1595 1307 1673 alterius
1334 1608 1473 1693 autem,
1502 1625 1639 1701 nempe
1663 1598 1696 1674 Ι.
1726 1604 1774 1692 1.,

290 1741 505 1818 concitatus
522 1767 567 1816 ac
586 1738 790 1836 violentus,
810 1737 917 1816 velut
943 1735 1180 1839 indignantis
1208 1749 1361 1838 propter
1379 1739 1598 1816 diuturnam
1625 1738 1775 1843 puellae

290 1883 542 1986 asperitatem,
570 1909 667 1984 quae
695 1893 772 1957 tarn
800 1882 915 1984 longo
945 1892 1022 1957 tarn
1048 1882 1153 1958 fideli
1181 1892 1259 1956 tam
1286 1883 1381 1958 duro
1409 1894 1570 1985 aposta
1598 1894 1774 1984 suscepto

289 2025 443 2102 servitio
470 2025 624 2102 minime
651 2023 892 2102 moveretur?
918 2069 971 2081 -
998 2023 1074 2100 Sed
1100 2024 1243 2100 maiora
1270 2025 1438 2101 obstant.
1819 1981 1830 2008 ο

342 2168 496 2245 Etenim
513 2179 679 2268 quatuor
695 2169 859 2270 primum
887 2166 1077 2245 distichon
1096 2193 1228 2242 versus
1247 2168 1475 2269 excipientes
1492 2167 1547 2244 ita
1564 2167 1777 2245 Lachman-

290 2339 364 2389 nus
382 2313 663 2414 interpretatur,
684 2322 728 2387 ut
744 2312 778 2387 is
796 2311 937 2388 lumino
954 2313 1147 2386 constantis
1165 2310 1290 2413 fastus
1315 2309 1386 2415 (3.)
1412 2311 1557 2387 dictum
1585 2322 1712 2388 teneat
1729 2311 1777 2388 de

289 2482 366 2556 quo
398 2465 565 2556 tempore
591 2463 704 2554 poeta
735 2452 927 2556 Cynthiae
952 2480 1079 2530 amore
1112 2453 1315 2529 frueretur:
1343 2447 1526 2529 Amorem'
1545 2480 1634 2530 vero
1661 2481 1777 2554 sopra

288 2609 401 2698 capot
428 2598 717 2696 Properantem
743 2595 812 2698 (4.;
842 2595 890 2671 cf.
910 2596 962 2671 11.
989 2597 1051 2691 30,
1074 2594 1137 2698 7),
1165 2607 1280 2696 atque
1306 2595 1421 2672 huius
1447 2569 1571 2715 odiam
1598 2599 1639 2672 in
1660 2607 1776 2672 costos

280 2739 427 2844 puellm
454 2737 532 2842 (5.),
562 2737 710 2814 discidii
737 2748 887 2839 tempus
913 2737 1174 2839 intelligamus
1201 2736 1305 2834 velit,
1326 2749 1369 2812 ut
1388 2738 1420 2813 si
1437 2749 1550 2839 poeta
1565 2739 1626 2832 ,ab
1654 2719 1813 2830 amicboe

290 2882 479 2977 dimissus,
498 2881 677 2957 licentius
704 2891 797 2956 tunc
816 2907 856 2957 ss
874 2907 1003 2982 agens,
1022 2881 1063 2956 in
1085 2880 1295 2957 Suburram
1322 2881 1509 2956 ventitare
1535 2881 1774 2958 instituisset.

289 3023 413 3118 Quod,
442 3024 565 3117 credo,
586 3021 858 3099 Lachmannus
885 3048 1127 3124 nequaquam
1153 3033 1326 3124 putasset
1344 3024 1375 3098 si
1394 3005 1610 3100 accuratius
1628 3023 1668 3100 in
1687 3025 1778 3100 Pro·

287 3165 399 3267 pertii
426 3164 557 3241 stilum
580 3161 824 3266 inquisiisset.
844 3163 996 3266 Duplex
1023 3165 1124 3241 enim
1151 3165 1289 3241 amoris
1316 3193 1438 3267 genus
1461 3166 1615 3268 aProp.
1644 3167 1777 3244 distin-

288 3308 435 3410 guitur:
465 3333 571 3383 amor
597 3307 737 3407 tepidas
763 3305 808 3409 (Ι.
831 3309 893 3403 13,
914 3307 1003 3410 26),
1032 3307 1195 3409 culparis
1221 3307 1294 3410 (ΙΙ).
1322 3306 1402 3412 12.)
1429 3308 1470 3384 in
1497 3336 1609 3411 capos
1628 3309 1776 3409 puellos

289 3449 336 3554 (Ι.
359 3452 395 3548 5,
418 3449 480 3554 7),
500 3449 641 3551 quibus
668 3449 835 3550 deceptis
858 3449 1036 3526 amatoris
1055 3450 1168 3552 famo
1194 3464 1348 3552 cupetur
1373 3449 1419 3554 (Ι.
1442 3453 1503 3546 13,
1525 3449 1592 3554 5.):
1612 3462 1653 3527 at
1670 3478 1777 3526 veras

288 3592 355 3695 (ΙΙ.
378 3594 440 3689 15,
462 3591 551 3696 30),
571 3619 724 3692 mopsus
751 3588 799 3695 (Ι.
823 3595 884 3689 19,
908 3592 985 3695 12.)
1012 3619 1128 3687 amor,
1149 3591 1228 3668 sive
1237 3593 1355 3695 saror
1372 3592 1418 3694 (Ι.
1441 3598 1475 3689 1,
1498 3599 1533 3668 l.
1553 3604 1591 3669 et
1609 3593 1763 3698 passim)

289 3760 378 3810 cum
397 3732 526 3834 aliqua
553 3733 667 3834 dipsa
684 3733 944 3835 supervenerit
970 3733 1099 3834 puella
1126 3733 1171 3836 (Ι.
1195 3737 1256 3832 13,
1279 3741 1314 3831 t,
1335 3733 1413 3838 29.)
1430 3761 1529 3835 qnae
1553 3763 1631 3810 aaa
1656 3736 1779 3837 ollipet

281 3877 369 3980 sero
396 3878 519 3952 coiaco
545 3878 667 3953 virum
694 3873 742 3980 (Ι.
773 3879 810 3972 5,
841 3874 936 3979 12.);
963 3903 1062 3977 quae
1090 3877 1139 3952 sit
1166 3875 1316 3952 illoram
1349 3881 1541 3976 contempti
1564 3905 1689 3978 poeno
1716 3880 1777 3955 do·

291 4020 392 4115 loric,
419 4019 687 4119 multorumque
714 4021 862 4094 miseros
889 4021 1008 4121 stipat
1033 4023 1125 4096 vices
1151 4019 1196 4122 (Ι.
1220 4023 1281 4116 13,
1303 4024 1338 4118 9,
1364 4020 1456 4123 10),
1484 4047 1582 4121 quae
1609 4021 1777 4124 rralpcres

290 4174 489 4261 compescat
505 4185 644 4237 amores
660 4160 725 4264 (ib.
749 4161 826 4264 11.)
844 4161 952 4264 foces
968 4189 1043 4237 aon
1061 4160 1199 4260 tepidos
1217 4159 1371 4234 subdens
1389 4159 1454 4263 (ib.
1476 4158 1566 4262 26),
1586 4187 1656 4237 nec
1676 4162 1777 4238 sinat

283 4310 498 4405 praeteritos
523 4305 709 4380 succedere
727 4305 852 4406 ,fastus
878 4303 943 4407 (ib.
974 4302 1063 4407 21),
1093 4330 1156 4379 eos
1184 4329 1319 4403 nempe
1352 4328 1449 4402 quos
1480 4303 1617 4380 ducere
1645 4304 1776 4380 solitos

291 4457 462 4523 amantes
480 4446 700 4547 Propertius
718 4473 834 4546 supra
861 4445 992 4522 docuit
1007 4445 1073 4547 (ib.
1094 4449 1130 4542 5,
1153 4444 1218 4548 9.),
1237 4443 1378 4545 quibus
1397 4472 1485 4521 curn
1503 4444 1612 4545 vagis
1639 4447 1776 4546 puellis

290 4615 350 4664 res
376 4588 521 4664 fuisset.
540 4587 647 4663 Haec
674 4587 827 4688 quidem
854 4585 992 4664 amoris
1011 4586 1276 4663 considerandi
1303 4587 1399 4662 ratio
1419 4614 1506 4663 cum
1534 4588 1668 4663 sercin
1687 4590 1777 4666 Pro·

290 4730 401 4832 pertii
427 4729 535 4806 libris
563 4729 692 4806 eadem
719 4729 949 4826 inveniatur,
968 4729 1009 4804 in
1039 4731 1100 4802 13.
1128 4726 1216 4803 libri
1244 4727 1276 4803 Ι.
1305 4727 1427 4829 elegia
1451 4729 1613 4804 maxime
1641 4742 1697 4806 est
1723 4732 1778 4806 vi·

292 4872 390 4966 dere,
414 4872 454 4947 in
479 4899 556 4973 qua
583 4883 687 4948 totus
714 4883 772 4948 est
798 4883 910 4974 poeta
929 4883 973 4946 ut
991 4869 1148 4947 Gallum
1177 4870 1342 4945 amicum
1359 4870 1400 4946 in
1419 4871 1583 4971 primurn
1611 4899 1776 4949 amorem

291 5014 442 5116 lapsum
477 5014 517 5090 in
554 5013 684 5090 eodem
719 5015 928 5108 confirmet,
963 5039 1063 5115 vaga
1100 5012 1252 5088 tandem
1288 5011 1435 5088 Venere
1468 5011 1617 5089 relicte:
1654 5042 1777 5116 neque

291 5182 531 5257 quemquam,
560 5182 644 5232 mea
677 5156 876 5252 sententia,
905 5155 1035 5260 fugere
1070 5155 1214 5251 debuit,
1243 5164 1287 5229 ut
1313 5181 1444 5230 omnes
1477 5155 1619 5256 fugisse
1652 5157 1775 5253 vides,

291 5324 406 5400 quam
434 5297 643 5374 arctissimo
673 5303 707 5374 1.
735 5325 780 5374 ac
810 5296 1009 5375 13.lib.1.
1030 5297 1092 5374 cll.
1121 5295 1276 5373 vinculo
1303 5297 1403 5372 inter
1428 5324 1467 5373 se
1495 5299 1775 5396 contineantur,

294 5451 335 5517 ut
361 5440 566 5542 quamdam
594 5469 639 5516 ex
666 5439 738 5516 hac
764 5440 887 5517 lucem
916 5441 966 5516 ad
993 5441 1096 5518 illius
1119 5438 1345 5518 sententiam
1372 5441 1498 5519 minus
1526 5453 1694 5542 apertam
1722 5444 1777 5518 in·

292 5583 544 5686 tellegendam
571 5611 739 5688 promere
766 5583 966 5686 possimus.
