<?xml version="1.0" encoding="UTF-8"?>
<!DOCTYPE html PUBLIC "-//W3C//DTD XHTML 1.0 Transitional//EN"
    "http://www.w3.org/TR/xhtml1/DTD/xhtml1-transitional.dtd">
<html xmlns="http://www.w3.org/1999/xhtml" xml:lang="en" lang="en">
 <head>
  <title>
</title>
<meta http-equiv="Content-Type" content="text/html;charset=utf-8" />
  <meta name='ocr-system' content='tesseract 3.04.00' />
  <meta name='ocr-capabilities' content='ocr_page ocr_carea ocr_par ocr_line ocrx_word'/>
</head>
<body>
  <div class='ocr_page' id='page_1' title='image "./quaestionesprop00elisgoog_0091.png"; bbox 0 0 4210 6598; ppageno 0'>
   <div class='ocr_carea' id='block_1_1' title="bbox 996 653 1210 728">
    <p class='ocr_par' dir='ltr' id='par_1_1' title="bbox 996 653 1210 728">
     <span class='ocr_line' id='line_1_1' title="bbox 996 653 1210 728; baseline 0 -17"><span class='ocrx_word' id='word_1_1' title='bbox 996 653 1210 728; x_wconf 64' lang='grc' dir='ltr'><strong>-ὃὸ-</strong></span> 
     </span>
    </p>
   </div>
   <div class='ocr_carea' id='block_1_2' title="bbox 355 863 1851 972">
    <p class='ocr_par' dir='ltr' id='par_1_2' title="bbox 355 863 1851 972">
     <span class='ocr_line' id='line_1_2' title="bbox 355 863 1851 972; baseline -0.005 -23"><span class='ocrx_word' id='word_1_2' title='bbox 355 873 458 952; x_wconf 85' lang='lat' dir='ltr'><strong>linea</strong></span> <span class='ocrx_word' id='word_1_3' title='bbox 475 872 619 950; x_wconf 87' lang='lat' dir='ltr'><strong>aestivo</strong></span> <span class='ocrx_word' id='word_1_4' title='bbox 639 882 806 972; x_wconf 88' lang='lat' dir='ltr'><strong>tempore</strong></span> <span class='ocrx_word' id='word_1_5' title='bbox 837 867 877 972; x_wconf 85' lang='lat'><strong>(¹)</strong></span> <span class='ocrx_word' id='word_1_6' title='bbox 904 895 992 944; x_wconf 91' lang='lat' dir='ltr'><strong>cum</strong></span> <span class='ocrx_word' id='word_1_7' title='bbox 1019 865 1206 944; x_wconf 82' lang='lat' dir='ltr'><strong>Clitumni</strong></span> <span class='ocrx_word' id='word_1_8' title='bbox 1229 892 1351 970; x_wconf 83' lang='lat' dir='ltr'><strong>aquae</strong></span> <span class='ocrx_word' id='word_1_9' title='bbox 1374 877 1609 968; x_wconf 81' lang='lat' dir='ltr'><strong>tepescerent</strong></span> <span class='ocrx_word' id='word_1_10' title='bbox 1630 863 1681 969; x_wconf 55' lang='grc' dir='ltr'><strong>(Ι),</strong></span> <span class='ocrx_word' id='word_1_11' title='bbox 1715 865 1851 967; x_wconf 84' lang='lat' dir='ltr'><strong>ingens</strong></span> 
     </span>
    </p>
   </div>
   <div class='ocr_carea' id='block_1_3' title="bbox 355 1006 1852 1120">
    <p class='ocr_par' dir='ltr' id='par_1_3' title="bbox 355 1006 1852 1120">
     <span class='ocr_line' id='line_1_3' title="bbox 355 1006 1852 1120; baseline -0.005 -27"><span class='ocrx_word' id='word_1_12' title='bbox 355 1027 548 1120; x_wconf 84' lang='lat' dir='ltr'><strong>praeterea</strong></span> <span class='ocrx_word' id='word_1_13' title='bbox 566 1023 700 1116; x_wconf 84' lang='lat' dir='ltr'><strong>perata</strong></span> <span class='ocrx_word' id='word_1_14' title='bbox 718 1011 947 1089; x_wconf 82' lang='lat' dir='ltr'><strong>venantibus</strong></span> <span class='ocrx_word' id='word_1_15' title='bbox 966 1011 1097 1086; x_wconf 86' lang='lat' dir='ltr'><strong>aderet</strong></span> <span class='ocrx_word' id='word_1_16' title='bbox 1123 1035 1275 1111; x_wconf 90' lang='lat' dir='ltr'><strong>quoque</strong></span> <span class='ocrx_word' id='word_1_17' title='bbox 1303 1009 1400 1085; x_wconf 89' lang='lat' dir='ltr'><strong>silva</strong></span> <span class='ocrx_word' id='word_1_18' title='bbox 1417 1006 1469 1112; x_wconf 57' lang='grc' dir='ltr'>(Ι).</span> <span class='ocrx_word' id='word_1_19' title='bbox 1503 1009 1589 1106; x_wconf 89' lang='lat' dir='ltr'><strong>Sed,</strong></span> <span class='ocrx_word' id='word_1_20' title='bbox 1609 1010 1712 1111; x_wconf 93' lang='lat' dir='ltr'><strong>quod</strong></span> <span class='ocrx_word' id='word_1_21' title='bbox 1732 1009 1852 1111; x_wconf 85' lang='lat' dir='ltr'><strong>pluris</strong></span> 
     </span>
    </p>
   </div>
   <div class='ocr_carea' id='block_1_4' title="bbox 356 1151 1855 2121">
    <p class='ocr_par' dir='ltr' id='par_1_4' title="bbox 356 1151 1855 2121">
     <span class='ocr_line' id='line_1_4' title="bbox 356 1151 1853 1254; baseline -0.004 -18"><span class='ocrx_word' id='word_1_22' title='bbox 356 1161 524 1254; x_wconf 86' lang='lat' dir='ltr'><strong>interest,</strong></span> <span class='ocrx_word' id='word_1_23' title='bbox 553 1155 690 1234; x_wconf 81' lang='lat' dir='ltr'><strong>rituale</strong></span> <span class='ocrx_word' id='word_1_24' title='bbox 717 1153 1074 1248; x_wconf 60' lang='lat' dir='ltr'><strong>sublimitatem</strong></span> <span class='ocrx_word' id='word_1_25' title='bbox 1102 1151 1275 1228; x_wconf 83' lang='lat' dir='ltr'><strong>maximis</strong></span> <span class='ocrx_word' id='word_1_26' title='bbox 1303 1151 1517 1254; x_wconf 83' lang='lat' dir='ltr'><strong>triumphis,</strong></span> <span class='ocrx_word' id='word_1_27' title='bbox 1543 1152 1712 1231; x_wconf 86' lang='lat' dir='ltr'><strong>Umbrae</strong></span> <span class='ocrx_word' id='word_1_28' title='bbox 1740 1153 1853 1230; x_wconf 86' lang='lat' dir='ltr'><strong>vallis</strong></span> 
     </span>
     <span class='ocr_line' id='line_1_5' title="bbox 356 1295 1851 1398; baseline -0.004 -18"><span class='ocrx_word' id='word_1_29' title='bbox 356 1300 622 1380; x_wconf 85' lang='lat' dir='ltr'><strong>tantummodo</strong></span> <span class='ocrx_word' id='word_1_30' title='bbox 649 1299 699 1376; x_wconf 88' lang='lat' dir='ltr'><strong>ad</strong></span> <span class='ocrx_word' id='word_1_31' title='bbox 725 1297 911 1376; x_wconf 86' lang='lat' dir='ltr'><strong>sacrificia</strong></span> <span class='ocrx_word' id='word_1_32' title='bbox 943 1323 1098 1398; x_wconf 89' lang='lat' dir='ltr'><strong>corpore</strong></span> <span class='ocrx_word' id='word_1_33' title='bbox 1126 1307 1164 1372; x_wconf 91' lang='lat' dir='ltr'><strong>et</strong></span> <span class='ocrx_word' id='word_1_34' title='bbox 1191 1295 1355 1372; x_wconf 88' lang='lat' dir='ltr'><strong>candore</strong></span> <span class='ocrx_word' id='word_1_35' title='bbox 1385 1295 1602 1398; x_wconf 84' lang='lat' dir='ltr'><strong>insignibus</strong></span> <span class='ocrx_word' id='word_1_36' title='bbox 1629 1295 1686 1372; x_wconf 92' lang='lat' dir='ltr'><strong>uti</strong></span> <span class='ocrx_word' id='word_1_37' title='bbox 1720 1297 1851 1395; x_wconf 86' lang='lat' dir='ltr'><strong>tauris,</strong></span> 
     </span>
     <span class='ocr_line' id='line_1_6' title="bbox 358 1439 1853 1548; baseline -0.003 -25"><span class='ocrx_word' id='word_1_38' title='bbox 358 1446 425 1548; x_wconf 93' lang='lat' dir='ltr'><strong>qui</strong></span> <span class='ocrx_word' id='word_1_39' title='bbox 443 1444 629 1523; x_wconf 74' lang='lat' dir='ltr'><strong>Clitumni</strong></span> <span class='ocrx_word' id='word_1_40' title='bbox 650 1442 766 1520; x_wconf 84' lang='lat' dir='ltr'><strong>fontis</strong></span> <span class='ocrx_word' id='word_1_41' title='bbox 786 1441 895 1544; x_wconf 87' lang='lat' dir='ltr'><strong>aquis</strong></span> <span class='ocrx_word' id='word_1_42' title='bbox 913 1440 1131 1518; x_wconf 86' lang='lat' dir='ltr'><strong>solemniter</strong></span> <span class='ocrx_word' id='word_1_43' title='bbox 1148 1450 1237 1517; x_wconf 85' lang='lat' dir='ltr'><strong>ente</strong></span> <span class='ocrx_word' id='word_1_44' title='bbox 1259 1439 1411 1516; x_wconf 82' lang='lat' dir='ltr'><strong>lustrati</strong></span> <span class='ocrx_word' id='word_1_45' title='bbox 1438 1451 1580 1537; x_wconf 77' lang='lat' dir='ltr'><strong>essent3</strong></span> <span class='ocrx_word' id='word_1_46' title='bbox 1609 1468 1706 1543; x_wconf 93' lang='lat' dir='ltr'><strong>quos</strong></span> <span class='ocrx_word' id='word_1_47' title='bbox 1725 1451 1853 1518; x_wconf 84' lang='lat' dir='ltr'><strong>tauros</strong></span> 
     </span>
     <span class='ocr_line' id='line_1_7' title="bbox 359 1583 1853 1690; baseline -0.003 -24"><span class='ocrx_word' id='word_1_48' title='bbox 359 1591 580 1667; x_wconf 85' lang='lat' dir='ltr'><strong>Mevanates</strong></span> <span class='ocrx_word' id='word_1_49' title='bbox 612 1613 764 1690; x_wconf 92' lang='lat' dir='ltr'><strong>quoque</strong></span> <span class='ocrx_word' id='word_1_50' title='bbox 796 1586 999 1680; x_wconf 83' lang='lat' dir='ltr'><strong>vocabant,</strong></span> <span class='ocrx_word' id='word_1_51' title='bbox 1029 1583 1108 1660; x_wconf 86' lang='lat' dir='ltr'><strong>eive</strong></span> <span class='ocrx_word' id='word_1_52' title='bbox 1139 1583 1243 1686; x_wconf 94' lang='lat' dir='ltr'><strong>quod</strong></span> <span class='ocrx_word' id='word_1_53' title='bbox 1276 1597 1393 1686; x_wconf 87' lang='lat' dir='ltr'><strong>caput</strong></span> <span class='ocrx_word' id='word_1_54' title='bbox 1424 1584 1600 1687; x_wconf 83' lang='lat' dir='ltr'><strong>regionis,</strong></span> <span class='ocrx_word' id='word_1_55' title='bbox 1633 1597 1678 1662; x_wconf 91' lang='lat' dir='ltr'><strong>ut</strong></span> <span class='ocrx_word' id='word_1_56' title='bbox 1710 1585 1853 1665; x_wconf 91' lang='lat' dir='ltr'><strong>dictum</strong></span> 
     </span>
     <span class='ocr_line' id='line_1_8' title="bbox 358 1727 1854 1831; baseline -0.005 -19"><span class='ocrx_word' id='word_1_57' title='bbox 358 1739 425 1830; x_wconf 84' lang='lat' dir='ltr'><strong>est,</strong></span> <span class='ocrx_word' id='word_1_58' title='bbox 453 1730 632 1810; x_wconf 86' lang='lat' dir='ltr'><strong>Mevania</strong></span> <span class='ocrx_word' id='word_1_59' title='bbox 660 1741 753 1807; x_wconf 87' lang='lat' dir='ltr'><strong>tunc</strong></span> <span class='ocrx_word' id='word_1_60' title='bbox 781 1729 961 1831; x_wconf 84' lang='lat' dir='ltr'><strong>temporis</strong></span> <span class='ocrx_word' id='word_1_61' title='bbox 988 1739 1097 1824; x_wconf 90' lang='lat' dir='ltr'><strong>esset,</strong></span> <span class='ocrx_word' id='word_1_62' title='bbox 1118 1727 1197 1804; x_wconf 84' lang='lat' dir='ltr'><strong>sive</strong></span> <span class='ocrx_word' id='word_1_63' title='bbox 1224 1727 1328 1829; x_wconf 94' lang='lat' dir='ltr'><strong>quod</strong></span> <span class='ocrx_word' id='word_1_64' title='bbox 1357 1729 1571 1805; x_wconf 86' lang='lat' dir='ltr'><strong>Mevaniam</strong></span> <span class='ocrx_word' id='word_1_65' title='bbox 1599 1731 1638 1806; x_wconf 93' lang='lat' dir='ltr'><strong>in</strong></span> <span class='ocrx_word' id='word_1_66' title='bbox 1663 1728 1854 1806; x_wconf 88' lang='lat' dir='ltr'><strong>Flaminia</strong></span> 
     </span>
     <span class='ocr_line' id='line_1_9' title="bbox 359 1872 1855 1975; baseline -0.002 -22"><span class='ocrx_word' id='word_1_67' title='bbox 359 1877 423 1953; x_wconf 87' lang='lat' dir='ltr'><strong>via</strong></span> <span class='ocrx_word' id='word_1_68' title='bbox 456 1875 568 1953; x_wconf 85' lang='lat' dir='ltr'><strong>sitam</strong></span> <span class='ocrx_word' id='word_1_69' title='bbox 595 1873 790 1975; x_wconf 90' lang='lat' dir='ltr'><strong>fluvioque</strong></span> <span class='ocrx_word' id='word_1_70' title='bbox 823 1872 1033 1975; x_wconf 85' lang='lat' dir='ltr'><strong>proximam</strong></span> <span class='ocrx_word' id='word_1_71' title='bbox 1066 1881 1169 1947; x_wconf 89' lang='lat' dir='ltr'><strong>recta</strong></span> <span class='ocrx_word' id='word_1_72' title='bbox 1197 1883 1368 1972; x_wconf 90' lang='lat' dir='ltr'><strong>peterent</strong></span> <span class='ocrx_word' id='word_1_73' title='bbox 1394 1872 1499 1950; x_wconf 86' lang='lat' dir='ltr'><strong>missi</strong></span> <span class='ocrx_word' id='word_1_74' title='bbox 1527 1873 1702 1971; x_wconf 87' lang='lat' dir='ltr'><strong>Romani,</strong></span> <span class='ocrx_word' id='word_1_75' title='bbox 1733 1873 1855 1975; x_wconf 88' lang='lat' dir='ltr'><strong>deque</strong></span> 
     </span>
     <span class='ocr_line' id='line_1_10' title="bbox 360 2013 1854 2121; baseline -0.005 -22"><span class='ocrx_word' id='word_1_76' title='bbox 360 2019 629 2099; x_wconf 85' lang='lat' dir='ltr'><strong>Mevanatibns</strong></span> <span class='ocrx_word' id='word_1_77' title='bbox 656 2013 696 2121; x_wconf 86' lang='lat'><strong>(⁴)</strong></span> <span class='ocrx_word' id='word_1_78' title='bbox 723 2015 962 2118; x_wconf 91' lang='lat' dir='ltr'><strong>potissimum</strong></span> <span class='ocrx_word' id='word_1_79' title='bbox 999 2013 1272 2092; x_wconf 81' lang='lat' dir='ltr'><strong>mercatoribus</strong></span> <span class='ocrx_word' id='word_1_80' title='bbox 1300 2027 1429 2092; x_wconf 85' lang='lat' dir='ltr'><strong>tauros</strong></span> <span class='ocrx_word' id='word_1_81' title='bbox 1447 2015 1488 2090; x_wconf 90' lang='lat' dir='ltr'><strong>hi</strong></span> <span class='ocrx_word' id='word_1_82' title='bbox 1512 2027 1737 2094; x_wconf 72' lang='lat' dir='ltr'><strong>coemerent.</strong></span> <span class='ocrx_word' id='word_1_83' title='bbox 1767 2017 1854 2093; x_wconf 91' lang='lat' dir='ltr'><strong>Hoc</strong></span> 
     </span>
    </p>
   </div>
   <div class='ocr_carea' id='block_1_5' title="bbox 414 2256 574 2272">
    <p class='ocr_par' dir='ltr' id='par_1_5' title="bbox 414 2256 574 2272">
     <span class='ocr_line' id='line_1_11' title="bbox 414 2256 574 2272; baseline -0.006 -2"><span class='ocrx_word' id='word_1_84' title='bbox 414 2256 574 2272; x_wconf 44' lang='grc' dir='ltr'><strong>ψ</strong></span> 
     </span>
    </p>
   </div>
   <div class='ocr_carea' id='block_1_6' title="bbox 416 2355 1803 2831">
    <p class='ocr_par' dir='ltr' id='par_1_6' title="bbox 416 2355 1803 2831">
     <span class='ocr_line' id='line_1_12' title="bbox 416 2355 1112 2437; baseline -0.01 -15"><span class='ocrx_word' id='word_1_85' title='bbox 416 2362 458 2436; x_wconf 83' lang='grc'><strong>(1)</strong></span> <span class='ocrx_word' id='word_1_86' title='bbox 480 2359 611 2422; x_wconf 77' lang='lat' dir='ltr'><strong>Aestivis</strong></span> <span class='ocrx_word' id='word_1_87' title='bbox 630 2357 721 2437; x_wconf 77' lang='lat' dir='ltr'><strong>aquis</strong></span> <span class='ocrx_word' id='word_1_88' title='bbox 741 2357 820 2417; x_wconf 85' lang='lat' dir='ltr'><strong>dixit</strong></span> <span class='ocrx_word' id='word_1_89' title='bbox 839 2355 1025 2434; x_wconf 86' lang='lat' dir='ltr'><strong>Propertius.</strong></span> <span class='ocrx_word' id='word_1_90' title='bbox 1047 2356 1112 2416; x_wconf 87' lang='lat' dir='ltr'><strong>Sic:</strong></span> 
     </span>
     <span class='ocr_line' id='line_1_13' title="bbox 495 2455 1278 2540; baseline -0.005 -20"><span class='ocrx_word' id='word_1_91' title='bbox 495 2459 562 2540; x_wconf 89' lang='lat' dir='ltr'><strong>a).</strong></span> <span class='ocrx_word' id='word_1_92' title='bbox 604 2503 612 2520; x_wconf 90' lang='lat'><strong>.</strong></span> <span class='ocrx_word' id='word_1_93' title='bbox 752 2456 872 2516; x_wconf 77' lang='lat' dir='ltr'><strong>aestiuis</strong></span> <span class='ocrx_word' id='word_1_94' title='bbox 892 2455 1001 2516; x_wconf 84' lang='lat' dir='ltr'><strong>effusus</strong></span> <span class='ocrx_word' id='word_1_95' title='bbox 1021 2455 1151 2515; x_wconf 78' lang='lat' dir='ltr'><strong>aubibus</strong></span> <span class='ocrx_word' id='word_1_96' title='bbox 1172 2455 1278 2516; x_wconf 86' lang='lat' dir='ltr'><strong>imber.</strong></span> 
     </span>
     <span class='ocr_line' id='line_1_14' title="bbox 1361 2555 1803 2634; baseline 0 -18"><span class='ocrx_word' id='word_1_97' title='bbox 1361 2555 1471 2625; x_wconf 78' lang='lat' dir='ltr'><strong>(Vrsa</strong></span> <span class='ocrx_word' id='word_1_98' title='bbox 1492 2555 1634 2634; x_wconf 83' lang='lat' dir='ltr'><strong>Georg.</strong></span> <span class='ocrx_word' id='word_1_99' title='bbox 1656 2555 1710 2617; x_wconf 88' lang='lat' dir='ltr'><strong>IV.</strong></span> <span class='ocrx_word' id='word_1_100' title='bbox 1731 2556 1803 2631; x_wconf 87' lang='lat'>312)</span> 
     </span>
     <span class='ocr_line' id='line_1_15' title="bbox 496 2653 1333 2736; baseline -0.006 -19"><span class='ocrx_word' id='word_1_101' title='bbox 496 2656 529 2736; x_wconf 83' lang='lat' dir='ltr'><strong>b)</strong></span> <span class='ocrx_word' id='word_1_102' title='bbox 549 2656 617 2717; x_wconf 93' lang='lat' dir='ltr'><strong>Non</strong></span> <span class='ocrx_word' id='word_1_103' title='bbox 639 2653 820 2715; x_wconf 82' lang='lat' dir='ltr'><strong>Anthedonii</strong></span> <span class='ocrx_word' id='word_1_104' title='bbox 841 2653 917 2730; x_wconf 79' lang='lat' dir='ltr'><strong>tegit</strong></span> <span class='ocrx_word' id='word_1_105' title='bbox 937 2653 1063 2730; x_wconf 85' lang='lat' dir='ltr'><strong>hospitis</strong></span> <span class='ocrx_word' id='word_1_106' title='bbox 1084 2653 1206 2730; x_wconf 82' lang='lat' dir='ltr'><strong>inguina</strong></span> <span class='ocrx_word' id='word_1_107' title='bbox 1229 2660 1333 2731; x_wconf 87' lang='lat' dir='ltr'><strong>pontus</strong></span> 
     </span>
     <span class='ocr_line' id='line_1_16' title="bbox 575 2752 1389 2831; baseline -0.004 -16"><span class='ocrx_word' id='word_1_108' title='bbox 575 2753 730 2826; x_wconf 84' lang='lat' dir='ltr'><strong>Blandior,</strong></span> <span class='ocrx_word' id='word_1_109' title='bbox 750 2754 862 2814; x_wconf 76' lang='lat' dir='ltr'><strong>aestiuo</strong></span> <span class='ocrx_word' id='word_1_110' title='bbox 883 2770 937 2812; x_wconf 90' lang='lat' dir='ltr'><strong>nec</strong></span> <span class='ocrx_word' id='word_1_111' title='bbox 957 2769 990 2812; x_wconf 90' lang='lat' dir='ltr'><strong>se</strong></span> <span class='ocrx_word' id='word_1_112' title='bbox 1011 2752 1108 2830; x_wconf 76' lang='lat' dir='ltr'><strong>magis</strong></span> <span class='ocrx_word' id='word_1_113' title='bbox 1129 2769 1262 2831; x_wconf 83' lang='lat' dir='ltr'><strong>aequore</strong></span> <span class='ocrx_word' id='word_1_114' title='bbox 1282 2752 1389 2813; x_wconf 83' lang='lat' dir='ltr'><strong>Triton</strong></span> 
     </span>
    </p>
   </div>
   <div class='ocr_carea' id='block_1_7' title="bbox 576 2853 1805 3006">
    <p class='ocr_par' dir='ltr' id='par_1_7' title="bbox 576 2853 1805 3006">
     <span class='ocr_line' id='line_1_17' title="bbox 576 2853 760 2914; baseline 0.005 -1"><span class='ocrx_word' id='word_1_115' title='bbox 576 2853 683 2914; x_wconf 83' lang='lat' dir='ltr'><strong>Exerit</strong></span> <span class='ocrx_word' id='word_1_116' title='bbox 703 2859 760 2914; x_wconf 89' lang='lat' dir='ltr'><strong>ete.</strong></span> 
     </span>
     <span class='ocr_line' id='line_1_18' title="bbox 1398 2933 1805 3006; baseline 0.005 -12"><span class='ocrx_word' id='word_1_117' title='bbox 1398 2935 1500 3004; x_wconf 77' lang='lat' dir='ltr'><strong>(Srar.</strong></span> <span class='ocrx_word' id='word_1_118' title='bbox 1522 2935 1637 2996; x_wconf 84' lang='lat' dir='ltr'><strong>Theb.</strong></span> <span class='ocrx_word' id='word_1_119' title='bbox 1659 2935 1712 2996; x_wconf 82' lang='lat' dir='ltr'><strong>ix.</strong></span> <span class='ocrx_word' id='word_1_120' title='bbox 1734 2933 1805 3006; x_wconf 84' lang='lat'>329)</span> 
     </span>
    </p>
   </div>
   <div class='ocr_carea' id='block_1_8' title="bbox 418 3029 1701 3111">
    <p class='ocr_par' dir='ltr' id='par_1_8' title="bbox 418 3029 1701 3111">
     <span class='ocr_line' id='line_1_19' title="bbox 418 3029 1701 3111; baseline 0.001 -17"><span class='ocrx_word' id='word_1_121' title='bbox 418 3032 460 3111; x_wconf 84' lang='lat'><strong>(2)</strong></span> <span class='ocrx_word' id='word_1_122' title='bbox 481 3033 591 3094; x_wconf 77' lang='lat' dir='ltr'><strong>Contra</strong></span> <span class='ocrx_word' id='word_1_123' title='bbox 611 3031 738 3092; x_wconf 81' lang='lat' dir='ltr'><strong>Ovidius</strong></span> <span class='ocrx_word' id='word_1_124' title='bbox 759 3031 795 3091; x_wconf 88' lang='lat' dir='ltr'><strong>de</strong></span> <span class='ocrx_word' id='word_1_125' title='bbox 817 3031 896 3092; x_wconf 89' lang='lat' dir='ltr'><strong>iente</strong></span> <span class='ocrx_word' id='word_1_126' title='bbox 917 3029 948 3090; x_wconf 90' lang='lat' dir='ltr'><strong>in</strong></span> <span class='ocrx_word' id='word_1_127' title='bbox 968 3048 1055 3106; x_wconf 88' lang='lat' dir='ltr'><strong>quem</strong></span> <span class='ocrx_word' id='word_1_128' title='bbox 1078 3031 1179 3108; x_wconf 85' lang='lat' dir='ltr'><strong>lapsus</strong></span> <span class='ocrx_word' id='word_1_129' title='bbox 1200 3031 1361 3092; x_wconf 82' lang='lat' dir='ltr'><strong>Narcissus</strong></span> <span class='ocrx_word' id='word_1_130' title='bbox 1383 3033 1466 3110; x_wconf 82' lang='lat' dir='ltr'><strong>(Met</strong></span> <span class='ocrx_word' id='word_1_131' title='bbox 1488 3034 1543 3094; x_wconf 87' lang='lat'><strong>111.</strong></span> <span class='ocrx_word' id='word_1_132' title='bbox 1565 3033 1701 3104; x_wconf 59' lang='lat' dir='ltr'><strong>ddi-itm</strong></span> 
     </span>
    </p>
   </div>
   <div class='ocr_carea' id='block_1_9' title="bbox 368 3145 1856 4305">
    <p class='ocr_par' dir='ltr' id='par_1_9' title="bbox 368 3145 1856 4305">
     <span class='ocr_line' id='line_1_20' title="bbox 658 3145 1389 3224; baseline 0 -16"><span class='ocrx_word' id='word_1_133' title='bbox 658 3149 737 3208; x_wconf 88' lang='lat' dir='ltr'><strong>Fons</strong></span> <span class='ocrx_word' id='word_1_134' title='bbox 758 3153 823 3208; x_wconf 85' lang='lat' dir='ltr'><strong>eret</strong></span> <span class='ocrx_word' id='word_1_135' title='bbox 844 3145 967 3220; x_wconf 83' lang='lat' dir='ltr'><strong>intimis,</strong></span> <span class='ocrx_word' id='word_1_136' title='bbox 989 3147 1092 3208; x_wconf 89' lang='lat' dir='ltr'><strong>nitidis</strong></span> <span class='ocrx_word' id='word_1_137' title='bbox 1114 3153 1271 3224; x_wconf 83' lang='lat' dir='ltr'><strong>argenteus</strong></span> <span class='ocrx_word' id='word_1_138' title='bbox 1292 3149 1389 3222; x_wconf 89' lang='lat' dir='ltr'><strong>undis,</strong></span> 
     </span>
     <span class='ocr_line' id='line_1_21' title="bbox 658 3248 1533 3325; baseline 0.002 -19"><span class='ocrx_word' id='word_1_139' title='bbox 658 3248 753 3318; x_wconf 84' lang='lat' dir='ltr'><strong>Quem</strong></span> <span class='ocrx_word' id='word_1_140' title='bbox 774 3263 868 3324; x_wconf 90' lang='lat' dir='ltr'><strong>neque</strong></span> <span class='ocrx_word' id='word_1_141' title='bbox 888 3253 1022 3324; x_wconf 88' lang='lat' dir='ltr'><strong>pastores</strong></span> <span class='ocrx_word' id='word_1_142' title='bbox 1045 3263 1137 3323; x_wconf 87' lang='lat' dir='ltr'><strong>neque</strong></span> <span class='ocrx_word' id='word_1_143' title='bbox 1158 3251 1260 3323; x_wconf 86' lang='lat' dir='ltr'><strong>pastae</strong></span> <span class='ocrx_word' id='word_1_144' title='bbox 1282 3254 1380 3310; x_wconf 87' lang='lat' dir='ltr'><strong>monte</strong></span> <span class='ocrx_word' id='word_1_145' title='bbox 1401 3248 1533 3325; x_wconf 87' lang='lat' dir='ltr'><strong>capellae</strong></span> 
     </span>
     <span class='ocr_line' id='line_1_22' title="bbox 659 3344 1480 3422; baseline -0.001 -16"><span class='ocrx_word' id='word_1_146' title='bbox 659 3345 853 3421; x_wconf 81' lang='lat' dir='ltr'><strong>Contigerant</strong></span> <span class='ocrx_word' id='word_1_147' title='bbox 872 3344 994 3405; x_wconf 86' lang='lat' dir='ltr'><strong>aliudve</strong></span> <span class='ocrx_word' id='word_1_148' title='bbox 1014 3361 1113 3422; x_wconf 88' lang='lat' dir='ltr'><strong>pecus,</strong></span> <span class='ocrx_word' id='word_1_149' title='bbox 1134 3361 1221 3421; x_wconf 89' lang='lat' dir='ltr'><strong>quem</strong></span> <span class='ocrx_word' id='word_1_150' title='bbox 1243 3345 1325 3406; x_wconf 84' lang='lat' dir='ltr'><strong>nulla</strong></span> <span class='ocrx_word' id='word_1_151' title='bbox 1348 3346 1480 3406; x_wconf 88' lang='lat' dir='ltr'><strong>volucris</strong></span> 
     </span>
     <span class='ocr_line' id='line_1_23' title="bbox 659 3442 1484 3520; baseline 0.002 -17"><span class='ocrx_word' id='word_1_152' title='bbox 659 3442 724 3503; x_wconf 89' lang='lat' dir='ltr'><strong>Nec</strong></span> <span class='ocrx_word' id='word_1_153' title='bbox 745 3442 808 3503; x_wconf 83' lang='lat' dir='ltr'><strong>iera</strong></span> <span class='ocrx_word' id='word_1_154' title='bbox 829 3443 966 3503; x_wconf 86' lang='lat' dir='ltr'><strong>turbarat</strong></span> <span class='ocrx_word' id='word_1_155' title='bbox 986 3460 1040 3502; x_wconf 89' lang='lat' dir='ltr'><strong>nee</strong></span> <span class='ocrx_word' id='word_1_156' title='bbox 1060 3443 1162 3520; x_wconf 85' lang='lat' dir='ltr'><strong>lapsus</strong></span> <span class='ocrx_word' id='word_1_157' title='bbox 1183 3444 1221 3502; x_wconf 86' lang='lat' dir='ltr'><strong>ab</strong></span> <span class='ocrx_word' id='word_1_158' title='bbox 1242 3444 1350 3504; x_wconf 86' lang='lat' dir='ltr'><strong>arbore</strong></span> <span class='ocrx_word' id='word_1_159' title='bbox 1371 3461 1484 3506; x_wconf 87' lang='lat' dir='ltr'><strong>ramus.</strong></span> 
     </span>
     <span class='ocr_line' id='line_1_24' title="bbox 659 3541 1503 3620; baseline 0.004 -20"><span class='ocrx_word' id='word_1_160' title='bbox 659 3542 793 3602; x_wconf 80' lang='lat' dir='ltr'><strong>Gramen</strong></span> <span class='ocrx_word' id='word_1_161' title='bbox 813 3547 879 3601; x_wconf 86' lang='lat' dir='ltr'><strong>erat</strong></span> <span class='ocrx_word' id='word_1_162' title='bbox 899 3542 990 3614; x_wconf 87' lang='lat' dir='ltr'><strong>circa,</strong></span> <span class='ocrx_word' id='word_1_163' title='bbox 1011 3541 1088 3617; x_wconf 89' lang='lat' dir='ltr'><strong>quod</strong></span> <span class='ocrx_word' id='word_1_164' title='bbox 1110 3541 1265 3620; x_wconf 87' lang='lat' dir='ltr'><strong>proximus</strong></span> <span class='ocrx_word' id='word_1_165' title='bbox 1286 3560 1374 3602; x_wconf 89' lang='lat' dir='ltr'><strong>umor</strong></span> <span class='ocrx_word' id='word_1_166' title='bbox 1394 3542 1503 3617; x_wconf 88' lang='lat' dir='ltr'><strong>alebat,</strong></span> 
     </span>
     <span class='ocr_line' id='line_1_25' title="bbox 660 3639 1445 3718; baseline 0.004 -18"><span class='ocrx_word' id='word_1_167' title='bbox 660 3639 804 3718; x_wconf 85' lang='lat' dir='ltr'><strong>Silvaque</strong></span> <span class='ocrx_word' id='word_1_168' title='bbox 822 3641 886 3700; x_wconf 78' lang='lat' dir='ltr'><strong>sole</strong></span> <span class='ocrx_word' id='word_1_169' title='bbox 908 3641 1008 3700; x_wconf 83' lang='lat' dir='ltr'><strong>locum</strong></span> <span class='ocrx_word' id='word_1_170' title='bbox 1024 3658 1160 3718; x_wconf 73' lang='lat' dir='ltr'><strong>passura</strong></span> <span class='ocrx_word' id='word_1_171' title='bbox 1182 3647 1329 3718; x_wconf 68' lang='lat' dir='ltr'><strong>tepescere</strong></span> <span class='ocrx_word' id='word_1_172' title='bbox 1348 3642 1445 3703; x_wconf 79' lang='lat' dir='ltr'><strong>mutto.</strong></span> 
     </span>
     <span class='ocr_line' id='line_1_26' title="bbox 422 3737 1856 3820; baseline 0.003 -22"><span class='ocrx_word' id='word_1_173' title='bbox 422 3739 464 3818; x_wconf 81' lang='grc'><strong>(3)</strong></span> <span class='ocrx_word' id='word_1_174' title='bbox 486 3739 649 3816; x_wconf 79' lang='lat' dir='ltr'><strong>Permagni</strong></span> <span class='ocrx_word' id='word_1_175' title='bbox 673 3737 765 3799; x_wconf 84' lang='lat' dir='ltr'><strong>fuisse</strong></span> <span class='ocrx_word' id='word_1_176' title='bbox 785 3739 861 3798; x_wconf 93' lang='lat' dir='ltr'><strong>hanc</strong></span> <span class='ocrx_word' id='word_1_177' title='bbox 882 3738 1004 3810; x_wconf 82' lang='lat' dir='ltr'><strong>silvam,</strong></span> <span class='ocrx_word' id='word_1_178' title='bbox 1028 3739 1106 3798; x_wconf 89' lang='lat' dir='ltr'><strong>haud</strong></span> <span class='ocrx_word' id='word_1_179' title='bbox 1129 3739 1227 3799; x_wconf 86' lang='lat' dir='ltr'><strong>minue</strong></span> <span class='ocrx_word' id='word_1_180' title='bbox 1248 3739 1342 3800; x_wconf 85' lang='lat' dir='ltr'><strong>ferme</strong></span> <span class='ocrx_word' id='word_1_181' title='bbox 1363 3759 1452 3818; x_wconf 89' lang='lat' dir='ltr'><strong>quam</strong></span> <span class='ocrx_word' id='word_1_182' title='bbox 1474 3742 1537 3820; x_wconf 88' lang='lat' dir='ltr'><strong>ipse</strong></span> <span class='ocrx_word' id='word_1_183' title='bbox 1562 3741 1626 3802; x_wconf 85' lang='lat' dir='ltr'><strong>tons</strong></span> <span class='ocrx_word' id='word_1_184' title='bbox 1648 3741 1747 3815; x_wconf 86' lang='lat' dir='ltr'><strong>inerit,</strong></span> <span class='ocrx_word' id='word_1_185' title='bbox 1769 3739 1856 3803; x_wconf 89' lang='lat' dir='ltr'><strong>fldem</strong></span> 
     </span>
     <span class='ocr_line' id='line_1_27' title="bbox 368 3837 1388 3916; baseline 0.001 -18"><span class='ocrx_word' id='word_1_186' title='bbox 368 3837 441 3898; x_wconf 81' lang='lat' dir='ltr'><strong>iacit</strong></span> <span class='ocrx_word' id='word_1_187' title='bbox 462 3837 636 3916; x_wconf 81' lang='lat' dir='ltr'><strong>Propertius</strong></span> <span class='ocrx_word' id='word_1_188' title='bbox 657 3837 707 3915; x_wconf 86' lang='lat' dir='ltr'><strong>qui</strong></span> <span class='ocrx_word' id='word_1_189' title='bbox 729 3843 776 3898; x_wconf 85' lang='lat' dir='ltr'><strong>ter</strong></span> <span class='ocrx_word' id='word_1_190' title='bbox 796 3837 833 3897; x_wconf 91' lang='lat' dir='ltr'><strong>de</strong></span> <span class='ocrx_word' id='word_1_191' title='bbox 853 3855 887 3896; x_wconf 86' lang='lat' dir='ltr'><strong>ea</strong></span> <span class='ocrx_word' id='word_1_192' title='bbox 908 3837 1043 3897; x_wconf 85' lang='lat' dir='ltr'><strong>absolute</strong></span> <span class='ocrx_word' id='word_1_193' title='bbox 1065 3837 1244 3898; x_wconf 87' lang='lat' dir='ltr'><strong>mentionem</strong></span> <span class='ocrx_word' id='word_1_194' title='bbox 1266 3838 1388 3899; x_wconf 89' lang='lat' dir='ltr'><strong>babuit:</strong></span> 
     </span>
     <span class='ocr_line' id='line_1_28' title="bbox 500 3935 1479 4014; baseline 0.004 -19"><span class='ocrx_word' id='word_1_195' title='bbox 500 3937 538 4014; x_wconf 86' lang='lat' dir='ltr'><strong>a)</strong></span> <span class='ocrx_word' id='word_1_196' title='bbox 559 3937 638 3996; x_wconf 89' lang='lat' dir='ltr'><strong>Huic</strong></span> <span class='ocrx_word' id='word_1_197' title='bbox 658 3941 700 4008; x_wconf 90' lang='lat' dir='ltr'><strong>tu,</strong></span> <span class='ocrx_word' id='word_1_198' title='bbox 721 3935 787 3995; x_wconf 82' lang='lat' dir='ltr'><strong>sive</strong></span> <span class='ocrx_word' id='word_1_199' title='bbox 808 3935 889 4012; x_wconf 82' lang='lat' dir='ltr'><strong>leges</strong></span> <span class='ocrx_word' id='word_1_200' title='bbox 916 3935 1047 3995; x_wconf 84' lang='lat' dir='ltr'><strong>Umbrae</strong></span> <span class='ocrx_word' id='word_1_201' title='bbox 1067 3935 1100 4004; x_wconf 86' lang='lat'><strong>(¹)</strong></span> <span class='ocrx_word' id='word_1_202' title='bbox 1122 3953 1207 3997; x_wconf 84' lang='lat' dir='ltr'><strong>sacra</strong></span> <span class='ocrx_word' id='word_1_203' title='bbox 1229 3935 1353 3998; x_wconf 87' lang='lat' dir='ltr'><strong>flumina</strong></span> <span class='ocrx_word' id='word_1_204' title='bbox 1375 3940 1479 4011; x_wconf 73' lang='lat' dir='ltr'><strong>siloae,</strong></span> 
     </span>
     <span class='ocr_line' id='line_1_29' title="bbox 600 4033 1338 4113; baseline 0.004 -19"><span class='ocrx_word' id='word_1_205' title='bbox 600 4033 673 4094; x_wconf 85' lang='lat' dir='ltr'><strong>Sive</strong></span> <span class='ocrx_word' id='word_1_206' title='bbox 693 4034 809 4095; x_wconf 80' lang='lat' dir='ltr'><strong>Aniena</strong></span> <span class='ocrx_word' id='word_1_207' title='bbox 830 4040 896 4095; x_wconf 85' lang='lat' dir='ltr'><strong>tuoe</strong></span> <span class='ocrx_word' id='word_1_208' title='bbox 917 4035 1042 4095; x_wconf 82' lang='lat' dir='ltr'><strong>tinxerit</strong></span> <span class='ocrx_word' id='word_1_209' title='bbox 1062 4035 1139 4095; x_wconf 90' lang='lat' dir='ltr'><strong>unda</strong></span> <span class='ocrx_word' id='word_1_210' title='bbox 1161 4035 1259 4113; x_wconf 82' lang='lat' dir='ltr'><strong>pedes,</strong></span> <span class='ocrx_word' id='word_1_211' title='bbox 1281 4043 1338 4098; x_wconf 90' lang='lat' dir='ltr'><strong>etc.</strong></span> 
     </span>
     <span class='ocr_line' id='line_1_30' title="bbox 1326 4135 1483 4210; baseline -0.006 -3"><span class='ocrx_word' id='word_1_212' title='bbox 1326 4136 1360 4206; x_wconf 86' lang='lat'><strong>(1-</strong></span> <span class='ocrx_word' id='word_1_213' title='bbox 1382 4135 1430 4210; x_wconf 82' lang='lat'><strong>20,</strong></span> <span class='ocrx_word' id='word_1_214' title='bbox 1453 4138 1483 4204; x_wconf 85' lang='lat'><strong>7)</strong></span> 
     </span>
     <span class='ocr_line' id='line_1_31' title="bbox 562 4231 1278 4305; baseline 0.001 -12"><span class='ocrx_word' id='word_1_215' title='bbox 562 4232 626 4305; x_wconf 88' lang='lat' dir='ltr'><strong>Qua</strong></span> <span class='ocrx_word' id='word_1_216' title='bbox 647 4232 779 4294; x_wconf 81' lang='lat' dir='ltr'><strong>formosa</strong></span> <span class='ocrx_word' id='word_1_217' title='bbox 799 4249 854 4294; x_wconf 75' lang='lat' dir='ltr'><strong>suo</strong></span> <span class='ocrx_word' id='word_1_218' title='bbox 874 4231 1042 4293; x_wconf 88' lang='lat' dir='ltr'><strong>Clitumnus</strong></span> <span class='ocrx_word' id='word_1_219' title='bbox 1063 4233 1187 4294; x_wconf 86' lang='lat' dir='ltr'><strong>flumina</strong></span> <span class='ocrx_word' id='word_1_220' title='bbox 1211 4235 1278 4294; x_wconf 81' lang='lat' dir='ltr'><strong>turo</strong></span> 
     </span>
    </p>
   </div>
   <div class='ocr_carea' id='block_1_10' title="bbox 601 4331 1482 4495">
    <p class='ocr_par' dir='ltr' id='par_1_10' title="bbox 601 4331 1482 4495">
     <span class='ocr_line' id='line_1_32' title="bbox 601 4331 1225 4408; baseline 0.008 -17"><span class='ocrx_word' id='word_1_221' title='bbox 601 4331 712 4408; x_wconf 81' lang='lat' dir='ltr'><strong>Integit</strong></span> <span class='ocrx_word' id='word_1_222' title='bbox 732 4337 762 4392; x_wconf 91' lang='lat' dir='ltr'><strong>et</strong></span> <span class='ocrx_word' id='word_1_223' title='bbox 782 4331 888 4393; x_wconf 85' lang='lat' dir='ltr'><strong>niveos</strong></span> <span class='ocrx_word' id='word_1_224' title='bbox 907 4331 1004 4394; x_wconf 87' lang='lat' dir='ltr'><strong>abluit</strong></span> <span class='ocrx_word' id='word_1_225' title='bbox 1024 4334 1101 4393; x_wconf 85' lang='lat' dir='ltr'><strong>unda</strong></span> <span class='ocrx_word' id='word_1_226' title='bbox 1124 4333 1225 4396; x_wconf 86' lang='lat' dir='ltr'><strong>boves.</strong></span> 
     </span>
     <span class='ocr_line' id='line_1_33' title="bbox 1290 4415 1482 4495; baseline 0.036 -20"><span class='ocrx_word' id='word_1_227' title='bbox 1290 4416 1340 4495; x_wconf 87' lang='grc' dir='ltr'>(ΙΙ.</span> <span class='ocrx_word' id='word_1_228' title='bbox 1365 4415 1411 4490; x_wconf 88' lang='grc'><strong>19,</strong></span> <span class='ocrx_word' id='word_1_229' title='bbox 1431 4416 1482 4484; x_wconf 80' lang='lat'><strong>25)</strong></span> 
     </span>
    </p>
   </div>
   <div class='ocr_carea' id='block_1_11' title="bbox 372 4511 1870 5363">
    <p class='ocr_par' dir='ltr' id='par_1_11' title="bbox 372 4511 1865 4964">
     <span class='ocr_line' id='line_1_34' title="bbox 563 4511 1381 4586; baseline 0.005 -16"><span class='ocrx_word' id='word_1_230' title='bbox 563 4511 631 4581; x_wconf 88' lang='lat' dir='ltr'><strong>Hic,</strong></span> <span class='ocrx_word' id='word_1_231' title='bbox 652 4511 731 4572; x_wconf 88' lang='lat' dir='ltr'><strong>Anio</strong></span> <span class='ocrx_word' id='word_1_232' title='bbox 750 4511 892 4586; x_wconf 86' lang='lat' dir='ltr'><strong>Tiburne,</strong></span> <span class='ocrx_word' id='word_1_233' title='bbox 914 4511 993 4584; x_wconf 84' lang='lat' dir='ltr'><strong>duis,</strong></span> <span class='ocrx_word' id='word_1_234' title='bbox 1014 4513 1183 4574; x_wconf 88' lang='lat' dir='ltr'><strong>Clitumnus</strong></span> <span class='ocrx_word' id='word_1_235' title='bbox 1204 4514 1242 4573; x_wconf 93' lang='lat' dir='ltr'><strong>ab</strong></span> <span class='ocrx_word' id='word_1_236' title='bbox 1269 4513 1381 4574; x_wconf 82' lang='lat' dir='ltr'><strong>Umbro</strong></span> 
     </span>
     <span class='ocr_line' id='line_1_35' title="bbox 606 4608 822 4670; baseline 0.009 -2"><span class='ocrx_word' id='word_1_237' title='bbox 606 4608 745 4670; x_wconf 84' lang='lat' dir='ltr'><strong>Tramite</strong></span> <span class='ocrx_word' id='word_1_238' title='bbox 765 4616 822 4670; x_wconf 88' lang='lat' dir='ltr'><strong>etc.</strong></span> 
     </span>
     <span class='ocr_line' id='line_1_36' title="bbox 1278 4693 1484 4767; baseline 0.019 -4"><span class='ocrx_word' id='word_1_239' title='bbox 1278 4694 1343 4762; x_wconf 87' lang='lat'><em>(111-</em></span> <span class='ocrx_word' id='word_1_240' title='bbox 1364 4693 1414 4767; x_wconf 81' lang='lat'><strong>22,</strong></span> <span class='ocrx_word' id='word_1_241' title='bbox 1434 4695 1484 4766; x_wconf 82' lang='lat'><strong>23&gt;</strong></span> 
     </span>
     <span class='ocr_line' id='line_1_37' title="bbox 505 4787 1865 4874; baseline 0.008 -28"><span class='ocrx_word' id='word_1_242' title='bbox 505 4788 538 4868; x_wconf 80' lang='lat' dir='ltr'><strong>t)</strong></span> <span class='ocrx_word' id='word_1_243' title='bbox 558 4787 610 4848; x_wconf 87' lang='lat' dir='ltr'><strong>Sic</strong></span> <span class='ocrx_word' id='word_1_244' title='bbox 633 4789 711 4866; x_wconf 85' lang='lat' dir='ltr'><strong>epod</strong></span> <span class='ocrx_word' id='word_1_245' title='bbox 734 4789 910 4850; x_wconf 87' lang='lat' dir='ltr'><strong>Svetonium</strong></span> <span class='ocrx_word' id='word_1_246' title='bbox 937 4790 1117 4866; x_wconf 81' lang='lat' dir='ltr'><strong>videbimus,</strong></span> <span class='ocrx_word' id='word_1_247' title='bbox 1141 4809 1247 4852; x_wconf 78' lang='lat' dir='ltr'><strong>nomm</strong></span> <span class='ocrx_word' id='word_1_248' title='bbox 1270 4810 1385 4870; x_wconf 87' lang='lat' dir='ltr'><strong>quoque</strong></span> <span class='ocrx_word' id='word_1_249' title='bbox 1409 4795 1552 4856; x_wconf 88' lang='lat' dir='ltr'><strong>Clitumni</strong></span> <span class='ocrx_word' id='word_1_250' title='bbox 1578 4796 1747 4874; x_wconf 79' lang='lat' dir='ltr'><strong>Caligulam</strong></span> <span class='ocrx_word' id='word_1_251' title='bbox 1765 4797 1865 4857; x_wconf 88' lang='lat' dir='ltr'><strong>visere</strong></span> 
     </span>
     <span class='ocr_line' id='line_1_38' title="bbox 372 4885 823 4964; baseline 0.004 -18"><span class='ocrx_word' id='word_1_252' title='bbox 372 4885 466 4946; x_wconf 82' lang='lat' dir='ltr'><strong>ivisse</strong></span> <span class='ocrx_word' id='word_1_253' title='bbox 480 4886 530 4960; x_wconf 85' lang='lat' dir='ltr'><strong>(ci.</strong></span> <span class='ocrx_word' id='word_1_254' title='bbox 551 4904 598 4948; x_wconf 92' lang='lat' dir='ltr'><strong>ur.</strong></span> <span class='ocrx_word' id='word_1_255' title='bbox 619 4905 646 4964; x_wconf 92' lang='lat' dir='ltr'><strong>p.</strong></span> <span class='ocrx_word' id='word_1_256' title='bbox 668 4887 708 4946; x_wconf 90' lang='lat'><strong>88</strong></span> <span class='ocrx_word' id='word_1_257' title='bbox 729 4905 759 4949; x_wconf 91' lang='lat' dir='ltr'><strong>n.</strong></span> <span class='ocrx_word' id='word_1_258' title='bbox 780 4888 823 4960; x_wconf 90' lang='lat' dir='ltr'><strong>i).</strong></span> 
     </span>
    </p>

    <p class='ocr_par' dir='ltr' id='par_1_12' title="bbox 375 4984 1870 5363">
     <span class='ocr_line' id='line_1_39' title="bbox 426 4984 1865 5072; baseline 0.007 -29"><span class='ocrx_word' id='word_1_259' title='bbox 426 4985 468 5056; x_wconf 79' lang='lat' dir='ltr'><strong>(t)</strong></span> <span class='ocrx_word' id='word_1_260' title='bbox 489 4987 526 5064; x_wconf 90' lang='lat' dir='ltr'><strong>a)</strong></span> <span class='ocrx_word' id='word_1_261' title='bbox 547 5005 563 5040; x_wconf 75' lang='lat' dir='ltr'><strong>e</strong></span> <span class='ocrx_word' id='word_1_262' title='bbox 588 4985 686 5045; x_wconf 77' lang='lat' dir='ltr'><strong>Erauo</strong></span> <span class='ocrx_word' id='word_1_263' title='bbox 707 4984 918 5062; x_wconf 86' lang='lat' dir='ltr'><strong>specialmeute</strong></span> <span class='ocrx_word' id='word_1_264' title='bbox 933 4987 943 5046; x_wconf 93' lang='lat' dir='ltr'><strong>i</strong></span> <span class='ocrx_word' id='word_1_265' title='bbox 958 4989 1075 5048; x_wconf 91' lang='lat' dir='ltr'><strong>candidi</strong></span> <span class='ocrx_word' id='word_1_266' title='bbox 1091 4990 1149 5049; x_wconf 89' lang='lat' dir='ltr'><strong>tori</strong></span> <span class='ocrx_word' id='word_1_267' title='bbox 1164 4990 1337 5050; x_wconf 84' lang='lat' dir='ltr'><strong>abbeverati</strong></span> <span class='ocrx_word' id='word_1_268' title='bbox 1353 4991 1413 5052; x_wconf 90' lang='lat' dir='ltr'><strong>alle</strong></span> <span class='ocrx_word' id='word_1_269' title='bbox 1438 5011 1529 5070; x_wconf 89' lang='lat' dir='ltr'><strong>aeque</strong></span> <span class='ocrx_word' id='word_1_270' title='bbox 1543 4993 1590 5054; x_wconf 92' lang='lat' dir='ltr'><strong>del</strong></span> <span class='ocrx_word' id='word_1_271' title='bbox 1606 4995 1753 5068; x_wconf 90' lang='lat' dir='ltr'><strong>Clitunno,</strong></span> <span class='ocrx_word' id='word_1_272' title='bbox 1773 4995 1865 5072; x_wconf 87' lang='lat' dir='ltr'><strong>quelli</strong></span> 
     </span>
     <span class='ocr_line' id='line_1_40' title="bbox 377 5082 1870 5169; baseline 0.007 -28"><span class='ocrx_word' id='word_1_273' title='bbox 377 5082 468 5142; x_wconf 88' lang='lat' dir='ltr'><strong>‹ohe</strong></span> <span class='ocrx_word' id='word_1_274' title='bbox 489 5082 566 5142; x_wconf 91' lang='lat' dir='ltr'><strong>colle</strong></span> <span class='ocrx_word' id='word_1_275' title='bbox 585 5101 676 5144; x_wconf 89' lang='lat' dir='ltr'><strong>corna</strong></span> <span class='ocrx_word' id='word_1_276' title='bbox 697 5083 810 5156; x_wconf 84' lang='lat' dir='ltr'><strong>durate,</strong></span> <span class='ocrx_word' id='word_1_277' title='bbox 832 5086 929 5144; x_wconf 85' lang='lat' dir='ltr'><strong>ornati</strong></span> <span class='ocrx_word' id='word_1_278' title='bbox 952 5085 981 5145; x_wconf 93' lang='lat' dir='ltr'><strong>di</strong></span> <span class='ocrx_word' id='word_1_279' title='bbox 1004 5087 1097 5146; x_wconf 90' lang='lat' dir='ltr'><strong>beude</strong></span> <span class='ocrx_word' id='word_1_280' title='bbox 1118 5107 1135 5147; x_wconf 92' lang='lat' dir='ltr'><strong>e</strong></span> <span class='ocrx_word' id='word_1_281' title='bbox 1156 5089 1187 5148; x_wconf 90' lang='lat' dir='ltr'><strong>di</strong></span> <span class='ocrx_word' id='word_1_282' title='bbox 1207 5089 1366 5166; x_wconf 83' lang='lat' dir='ltr'><strong>ghirlaude</strong></span> <span class='ocrx_word' id='word_1_283' title='bbox 1387 5091 1417 5150; x_wconf 90' lang='lat' dir='ltr'><strong>di</strong></span> <span class='ocrx_word' id='word_1_284' title='bbox 1439 5091 1516 5164; x_wconf 85' lang='lat' dir='ltr'><strong>dori,</strong></span> <span class='ocrx_word' id='word_1_285' title='bbox 1537 5111 1553 5151; x_wconf 91' lang='lat' dir='ltr'><strong>e</strong></span> <span class='ocrx_word' id='word_1_286' title='bbox 1574 5095 1724 5169; x_wconf 87' lang='lat' dir='ltr'><strong>preceduti</strong></span> <span class='ocrx_word' id='word_1_287' title='bbox 1747 5094 1784 5153; x_wconf 90' lang='lat' dir='ltr'><strong>da</strong></span> <span class='ocrx_word' id='word_1_288' title='bbox 1805 5111 1870 5154; x_wconf 91' lang='lat' dir='ltr'><strong>suo·</strong></span> 
     </span>
     <span class='ocr_line' id='line_1_41' title="bbox 377 5181 1869 5267; baseline 0.009 -30"><span class='ocrx_word' id='word_1_289' title='bbox 377 5181 510 5241; x_wconf 84' lang='lat' dir='ltr'><strong>‹natori</strong></span> <span class='ocrx_word' id='word_1_290' title='bbox 532 5181 563 5241; x_wconf 93' lang='lat' dir='ltr'><strong>di</strong></span> <span class='ocrx_word' id='word_1_291' title='bbox 584 5181 658 5242; x_wconf 90' lang='lat' dir='ltr'><strong>tibie</strong></span> <span class='ocrx_word' id='word_1_292' title='bbox 678 5199 694 5241; x_wconf 91' lang='lat' dir='ltr'><strong>e</strong></span> <span class='ocrx_word' id='word_1_293' title='bbox 715 5181 746 5242; x_wconf 92' lang='lat' dir='ltr'><strong>di</strong></span> <span class='ocrx_word' id='word_1_294' title='bbox 767 5181 861 5254; x_wconf 79' lang='lat' dir='ltr'><strong>bauti,</strong></span> <span class='ocrx_word' id='word_1_295' title='bbox 882 5201 973 5242; x_wconf 86' lang='lat' dir='ltr'><strong>erano</strong></span> <span class='ocrx_word' id='word_1_296' title='bbox 994 5184 1123 5245; x_wconf 74' lang='lat' dir='ltr'><strong>condocti</strong></span> <span class='ocrx_word' id='word_1_297' title='bbox 1146 5203 1231 5246; x_wconf 92' lang='lat' dir='ltr'><strong>come</strong></span> <span class='ocrx_word' id='word_1_298' title='bbox 1255 5187 1375 5248; x_wconf 81' lang='lat' dir='ltr'><strong>vittime</strong></span> <span class='ocrx_word' id='word_1_299' title='bbox 1396 5189 1474 5248; x_wconf 91' lang='lat' dir='ltr'><strong>nelle</strong></span> <span class='ocrx_word' id='word_1_300' title='bbox 1500 5207 1607 5267; x_wconf 88' lang='lat' dir='ltr'><strong>pompe</strong></span> <span class='ocrx_word' id='word_1_301' title='bbox 1628 5190 1675 5250; x_wconf 92' lang='lat' dir='ltr'><strong>dei</strong></span> <span class='ocrx_word' id='word_1_302' title='bbox 1701 5191 1802 5251; x_wconf 86' lang='lat' dir='ltr'><strong>trioufi</strong></span> <span class='ocrx_word' id='word_1_303' title='bbox 1824 5208 1869 5251; x_wconf 82' lang='lat' dir='ltr'><strong>ro</strong></span> 
     </span>
     <span class='ocr_line' id='line_1_42' title="bbox 375 5279 1868 5363; baseline 0.01 -28"><span class='ocrx_word' id='word_1_304' title='bbox 375 5298 391 5335; x_wconf 80' lang='lat' dir='ltr'><strong>e</strong></span> <span class='ocrx_word' id='word_1_305' title='bbox 412 5279 495 5340; x_wconf 86' lang='lat' dir='ltr'><strong>meni</strong></span> <span class='ocrx_word' id='word_1_306' title='bbox 517 5323 525 5341; x_wconf 90' lang='lat'><strong>.</strong></span> <span class='ocrx_word' id='word_1_307' title='bbox 547 5323 556 5341; x_wconf 90' lang='lat'><strong>.</strong></span> <span class='ocrx_word' id='word_1_308' title='bbox 577 5323 585 5340; x_wconf 92' lang='lat'><strong>.</strong></span> <span class='ocrx_word' id='word_1_309' title='bbox 606 5280 675 5342; x_wconf 91' lang='lat' dir='ltr'><strong>Non</strong></span> <span class='ocrx_word' id='word_1_310' title='bbox 688 5299 740 5340; x_wconf 89' lang='lat' dir='ltr'><strong>era</strong></span> <span class='ocrx_word' id='word_1_311' title='bbox 762 5281 856 5342; x_wconf 91' lang='lat' dir='ltr'><strong>molto</strong></span> <span class='ocrx_word' id='word_1_312' title='bbox 871 5281 990 5342; x_wconf 88' lang='lat' dir='ltr'><strong>lontano</strong></span> <span class='ocrx_word' id='word_1_313' title='bbox 1004 5284 1053 5343; x_wconf 89' lang='lat' dir='ltr'><strong>dal</strong></span> <span class='ocrx_word' id='word_1_314' title='bbox 1075 5284 1166 5344; x_wconf 88' lang='lat' dir='ltr'><strong>flume</strong></span> <span class='ocrx_word' id='word_1_315' title='bbox 1180 5285 1203 5345; x_wconf 90' lang='lat' dir='ltr'><strong>il</strong></span> <span class='ocrx_word' id='word_1_316' title='bbox 1218 5286 1307 5363; x_wconf 80' lang='lat' dir='ltr'><strong>luogo</strong></span> <span class='ocrx_word' id='word_1_317' title='bbox 1325 5305 1381 5348; x_wconf 87' lang='lat' dir='ltr'><strong>ove</strong></span> <span class='ocrx_word' id='word_1_318' title='bbox 1395 5288 1421 5348; x_wconf 86' lang='lat' dir='ltr'><strong>si</strong></span> <span class='ocrx_word' id='word_1_319' title='bbox 1437 5289 1595 5348; x_wconf 84' lang='lat' dir='ltr'><strong>riuuivano</strong></span> <span class='ocrx_word' id='word_1_320' title='bbox 1611 5308 1627 5348; x_wconf 89' lang='lat' dir='ltr'><strong>e</strong></span> <span class='ocrx_word' id='word_1_321' title='bbox 1641 5297 1868 5351; x_wconf 82' lang='lat' dir='ltr'><strong>eontrattavano</strong></span> 
     </span>
    </p>
   </div>
   <div class='ocr_carea' id='block_1_12' title="bbox 374 5428 1871 5632">
    <p class='ocr_par' dir='ltr' id='par_1_13' title="bbox 374 5428 1871 5632">
     <span class='ocr_line' id='line_1_43' title="bbox 428 5428 1871 5496; baseline 0.008 -24"><span class='ocrx_word' id='word_1_322' title='bbox 428 5429 457 5485; x_wconf 74' lang='grc' dir='ltr'><strong>(Ι)</strong></span> <span class='ocrx_word' id='word_1_323' title='bbox 474 5431 507 5474; x_wconf 83' lang='lat' dir='ltr'><strong>De</strong></span> <span class='ocrx_word' id='word_1_324' title='bbox 525 5428 591 5473; x_wconf 83' lang='lat' dir='ltr'><strong>libris</strong></span> <span class='ocrx_word' id='word_1_325' title='bbox 605 5441 674 5474; x_wconf 79' lang='lat' dir='ltr'><strong>manu</strong></span> <span class='ocrx_word' id='word_1_326' title='bbox 691 5429 784 5486; x_wconf 85' lang='lat' dir='ltr'><strong>scriptis</strong></span> <span class='ocrx_word' id='word_1_327' title='bbox 797 5431 840 5474; x_wconf 89' lang='lat' dir='ltr'><strong>hoc</strong></span> <span class='ocrx_word' id='word_1_328' title='bbox 854 5443 899 5474; x_wconf 87' lang='lat' dir='ltr'><strong>uno</strong></span> <span class='ocrx_word' id='word_1_329' title='bbox 913 5431 962 5475; x_wconf 86' lang='lat' dir='ltr'><strong>loeo</strong></span> <span class='ocrx_word' id='word_1_330' title='bbox 980 5431 1144 5476; x_wconf 83' lang='lat' dir='ltr'><strong>deflectendum</strong></span> <span class='ocrx_word' id='word_1_331' title='bbox 1159 5435 1348 5486; x_wconf 70' lang='lat' dir='ltr'><strong>existimavimus.</strong></span> <span class='ocrx_word' id='word_1_332' title='bbox 1366 5439 1406 5494; x_wconf 88' lang='lat' dir='ltr'><strong>qui</strong></span> <span class='ocrx_word' id='word_1_333' title='bbox 1420 5439 1540 5482; x_wconf 70' lang='lat' dir='ltr'><strong>umbrosae</strong></span> <span class='ocrx_word' id='word_1_334' title='bbox 1558 5451 1602 5482; x_wconf 89' lang='lat' dir='ltr'><strong>uno</strong></span> <span class='ocrx_word' id='word_1_335' title='bbox 1620 5451 1732 5483; x_wconf 85' lang='lat' dir='ltr'><strong>consensu</strong></span> <span class='ocrx_word' id='word_1_336' title='bbox 1751 5439 1871 5496; x_wconf 75' lang='lat' dir='ltr'><strong>proferunt</strong></span> 
     </span>
     <span class='ocr_line' id='line_1_44' title="bbox 374 5501 1871 5568; baseline 0.007 -24"><span class='ocrx_word' id='word_1_337' title='bbox 374 5511 416 5556; x_wconf 87' lang='lat' dir='ltr'><strong>pro</strong></span> <span class='ocrx_word' id='word_1_338' title='bbox 434 5501 530 5544; x_wconf 79' lang='lat' dir='ltr'><strong>Umbrae</strong></span> <span class='ocrx_word' id='word_1_339' title='bbox 542 5514 610 5544; x_wconf 78' lang='lat' dir='ltr'><strong>roera</strong></span> <span class='ocrx_word' id='word_1_340' title='bbox 624 5503 650 5545; x_wconf 85' lang='lat' dir='ltr'><strong>ut</strong></span> <span class='ocrx_word' id='word_1_341' title='bbox 663 5503 766 5546; x_wconf 78' lang='lat' dir='ltr'><strong>restituit</strong></span> <span class='ocrx_word' id='word_1_342' title='bbox 779 5503 913 5552; x_wconf 75' lang='lat' dir='ltr'><strong>iiceuffttue.</strong></span> <span class='ocrx_word' id='word_1_343' title='bbox 928 5505 964 5547; x_wconf 90' lang='lat' dir='ltr'><strong>cui</strong></span> <span class='ocrx_word' id='word_1_344' title='bbox 979 5505 1132 5549; x_wconf 81' lang='lat' dir='ltr'><strong>Baehrensiue</strong></span> <span class='ocrx_word' id='word_1_345' title='bbox 1145 5519 1254 5550; x_wconf 82' lang='lat' dir='ltr'><strong>assensus</strong></span> <span class='ocrx_word' id='word_1_346' title='bbox 1267 5511 1310 5551; x_wconf 83' lang='lat' dir='ltr'><strong>est.</strong></span> <span class='ocrx_word' id='word_1_347' title='bbox 1325 5509 1356 5552; x_wconf 81' lang='lat' dir='ltr'><strong>Et</strong></span> <span class='ocrx_word' id='word_1_348' title='bbox 1369 5511 1432 5551; x_wconf 88' lang='lat' dir='ltr'><strong>recte</strong></span> <span class='ocrx_word' id='word_1_349' title='bbox 1446 5522 1503 5552; x_wconf 82' lang='lat' dir='ltr'><strong>sune</strong></span> <span class='ocrx_word' id='word_1_350' title='bbox 1517 5511 1540 5552; x_wconf 88' lang='lat' dir='ltr'><strong>hi</strong></span> <span class='ocrx_word' id='word_1_351' title='bbox 1554 5513 1595 5559; x_wconf 81' lang='lat' dir='ltr'><strong>sic.</strong></span> <span class='ocrx_word' id='word_1_352' title='bbox 1610 5523 1659 5553; x_wconf 85' lang='lat' dir='ltr'><strong>meu</strong></span> <span class='ocrx_word' id='word_1_353' title='bbox 1674 5512 1765 5568; x_wconf 84' lang='lat' dir='ltr'><strong>quidem</strong></span> <span class='ocrx_word' id='word_1_354' title='bbox 1779 5514 1871 5555; x_wconf 85' lang='lat' dir='ltr'><strong>seuten-</strong></span> 
     </span>
     <span class='ocr_line' id='line_1_45' title="bbox 374 5571 1871 5632; baseline 0.007 -17"><span class='ocrx_word' id='word_1_355' title='bbox 374 5572 416 5622; x_wconf 76' lang='lat' dir='ltr'><strong>tta,</strong></span> <span class='ocrx_word' id='word_1_356' title='bbox 430 5576 456 5616; x_wconf 86' lang='lat' dir='ltr'><strong>ut</strong></span> <span class='ocrx_word' id='word_1_357' title='bbox 469 5575 550 5616; x_wconf 86' lang='lat' dir='ltr'><strong>contra</strong></span> <span class='ocrx_word' id='word_1_358' title='bbox 563 5571 623 5616; x_wconf 85' lang='lat' dir='ltr'><strong>male</strong></span> <span class='ocrx_word' id='word_1_359' title='bbox 637 5573 708 5626; x_wconf 80' lang='lat' dir='ltr'><strong>Silae,</strong></span> <span class='ocrx_word' id='word_1_360' title='bbox 723 5582 764 5628; x_wconf 89' lang='lat' dir='ltr'><strong>pro</strong></span> <span class='ocrx_word' id='word_1_361' title='bbox 777 5575 856 5626; x_wconf 78' lang='lat' dir='ltr'><strong>rtlcoe,</strong></span> <span class='ocrx_word' id='word_1_362' title='bbox 871 5576 995 5630; x_wconf 82' lang='lat' dir='ltr'><strong>repositum</strong></span> <span class='ocrx_word' id='word_1_363' title='bbox 1009 5588 1022 5618; x_wconf 88' lang='lat' dir='ltr'><strong>a</strong></span> <span class='ocrx_word' id='word_1_364' title='bbox 1037 5578 1062 5620; x_wconf 84' lang='lat' dir='ltr'><strong>L.</strong></span> <span class='ocrx_word' id='word_1_365' title='bbox 1077 5577 1182 5626; x_wconf 81' lang='lat' dir='ltr'><strong>Mullerc.</strong></span> <span class='ocrx_word' id='word_1_366' title='bbox 1197 5581 1317 5622; x_wconf 81' lang='lat' dir='ltr'><strong>umbrosae</strong></span> <span class='ocrx_word' id='word_1_367' title='bbox 1330 5583 1432 5632; x_wconf 86' lang='lat' dir='ltr'><strong>retento;</strong></span> <span class='ocrx_word' id='word_1_368' title='bbox 1446 5593 1497 5624; x_wconf 87' lang='lat' dir='ltr'><strong>eum</strong></span> <span class='ocrx_word' id='word_1_369' title='bbox 1512 5581 1565 5624; x_wconf 86' lang='lat' dir='ltr'><strong>huie</strong></span> <span class='ocrx_word' id='word_1_370' title='bbox 1579 5595 1630 5625; x_wconf 88' lang='lat' dir='ltr'><strong>cum</strong></span> <span class='ocrx_word' id='word_1_371' title='bbox 1644 5585 1714 5626; x_wconf 86' lang='lat' dir='ltr'><strong>tertio</strong></span> <span class='ocrx_word' id='word_1_372' title='bbox 1728 5581 1802 5626; x_wconf 81' lang='lat' dir='ltr'><strong>relato</strong></span> <span class='ocrx_word' id='word_1_373' title='bbox 1815 5584 1871 5626; x_wconf 83' lang='lat' dir='ltr'><strong>Pro-</strong></span> 
     </span>
    </p>
   </div>
   <div class='ocr_carea' id='block_1_13' title="bbox 372 5643 1868 5774">
    <p class='ocr_par' dir='ltr' id='par_1_14' title="bbox 372 5643 1868 5774">
     <span class='ocr_line' id='line_1_46' title="bbox 372 5643 1868 5710; baseline 0.008 -24"><span class='ocrx_word' id='word_1_374' title='bbox 372 5644 441 5698; x_wconf 84' lang='lat' dir='ltr'><strong>pertii</strong></span> <span class='ocrx_word' id='word_1_375' title='bbox 454 5643 504 5688; x_wconf 89' lang='lat' dir='ltr'><strong>loco</strong></span> <span class='ocrx_word' id='word_1_376' title='bbox 517 5645 577 5688; x_wconf 85' lang='lat' dir='ltr'><strong>ratio</strong></span> <span class='ocrx_word' id='word_1_377' title='bbox 590 5643 659 5700; x_wconf 76' lang='lat' dir='ltr'><strong>plane</strong></span> <span class='ocrx_word' id='word_1_378' title='bbox 673 5644 811 5687; x_wconf 86' lang='lat' dir='ltr'><strong>intercedat:</strong></span> <span class='ocrx_word' id='word_1_379' title='bbox 826 5647 850 5688; x_wconf 88' lang='lat' dir='ltr'><strong>ui</strong></span> <span class='ocrx_word' id='word_1_380' title='bbox 863 5647 916 5702; x_wconf 79' lang='lat' dir='ltr'><strong>quie</strong></span> <span class='ocrx_word' id='word_1_381' title='bbox 930 5657 986 5689; x_wconf 86' lang='lat' dir='ltr'><strong>vero</strong></span> <span class='ocrx_word' id='word_1_382' title='bbox 1000 5649 1066 5702; x_wconf 83' lang='lat' dir='ltr'><strong>putet</strong></span> <span class='ocrx_word' id='word_1_383' title='bbox 1079 5649 1206 5692; x_wconf 78' lang='lat' dir='ltr'><strong>umbrosam</strong></span> <span class='ocrx_word' id='word_1_384' title='bbox 1220 5653 1324 5694; x_wconf 81' lang='lat' dir='ltr'><strong>ettccma</strong></span> <span class='ocrx_word' id='word_1_385' title='bbox 1336 5655 1402 5710; x_wconf 84' lang='lat' dir='ltr'><strong>poeta</strong></span> <span class='ocrx_word' id='word_1_386' title='bbox 1416 5651 1521 5696; x_wconf 81' lang='lat' dir='ltr'><strong>absolute</strong></span> <span class='ocrx_word' id='word_1_387' title='bbox 1535 5653 1620 5697; x_wconf 89' lang='lat' dir='ltr'><strong>dictum</strong></span> <span class='ocrx_word' id='word_1_388' title='bbox 1636 5666 1677 5710; x_wconf 89' lang='lat' dir='ltr'><strong>pro</strong></span> <span class='ocrx_word' id='word_1_389' title='bbox 1692 5665 1784 5697; x_wconf 86' lang='lat' dir='ltr'><strong>nemore</strong></span> <span class='ocrx_word' id='word_1_390' title='bbox 1799 5653 1868 5698; x_wconf 81' lang='lat' dir='ltr'><strong>tontis</strong></span> 
     </span>
     <span class='ocr_line' id='line_1_47' title="bbox 375 5713 896 5774; baseline 0.008 -16"><span class='ocrx_word' id='word_1_391' title='bbox 375 5713 491 5768; x_wconf 83' lang='lat' dir='ltr'><strong>Clitumni,</strong></span> <span class='ocrx_word' id='word_1_392' title='bbox 505 5715 566 5774; x_wconf 84' lang='lat' dir='ltr'><strong>quod</strong></span> <span class='ocrx_word' id='word_1_393' title='bbox 579 5716 647 5760; x_wconf 80' lang='lat' dir='ltr'><strong>nimis</strong></span> <span class='ocrx_word' id='word_1_394' title='bbox 660 5713 783 5758; x_wconf 82' lang='lat' dir='ltr'><strong>obscurum</strong></span> <span class='ocrx_word' id='word_1_395' title='bbox 797 5717 896 5762; x_wconf 84' lang='lat' dir='ltr'><strong>videtur.</strong></span> 
     </span>
    </p>
   </div>
   <div class='ocr_carea' id='block_1_14' title="bbox 0 0 2127 6596">
    <p class='ocr_par' dir='ltr' id='par_1_15' title="bbox 0 0 2127 6596">
     <span class='ocr_line' id='line_1_48' title="bbox 0 0 2127 6596; baseline 0 0"><span class='ocrx_word' id='word_1_396' title='bbox 0 0 2127 6596; x_wconf 95' lang='lat' dir='ltr'><strong> </strong></span> 
     </span>
    </p>
   </div>
  </div>
 </body>
</html>
