4210 6598
593 1924 1002 2041 ouAEsrrouas
1044 1899 1492 2014 ruorsrrmurn

909 2128 1174 2158 -040-›0—

353 2575 459 2651 Inter
477 2576 708 2652 eruditorum
736 2577 975 2677 quaestiones
993 2603 1091 2678 quae
1111 2576 1253 2652 iamdiu
1273 2576 1425 2676 ingenia
1452 2575 1573 2676 magis
1592 2585 1781 2675 torquent,

300 2731 446 2817 praeter
474 2717 579 2793 illam
599 2719 644 2793 de
663 2718 792 2796 Patria
811 2718 896 2794 Sex.
916 2718 1101 2820 Propertii
1118 2745 1235 2820 quam
1254 2718 1368 2820 paulo
1396 2717 1586 2818 superiore
1604 2717 1782 2792 memoria

300 2859 371 2959 ipsi
399 2860 657 2956 tractavimus
673 2861 713 2963 (¹)
727 2861 823 2936 aliae
851 2863 947 2936 duae
970 2862 1009 2937 in
1032 2861 1124 2962 ipsis
1139 2861 1321 2961 Propertii
1337 2861 1567 2936 carminibus
1584 2859 1784 2960 praecipue

302 3003 412 3077 nobis
440 3015 657 3097 occurrunt,
685 3031 847 3104 quarum
875 3005 994 3080 altera
1021 3015 1092 3080 est:

311 3143 572 3235 «Quonam
615 3158 833 3248 tempore
875 3146 1040 3248 elegia
1080 3147 1236 3248 prima
1277 3173 1392 3247 prae
1433 3146 1618 3221 ceteris
1659 3143 1782 3219 libri

313 3321 329 3350 ι
355 3287 501 3386 primi
539 3289 730 3390 scripto
767 3290 832 3364 sit
860 3317 896 3386 »3

303 3425 422 3504 altera
450 3457 554 3506 vero:

314 3607 330 3637 ι
358 3571 488 3662 Quot
524 3571 663 3649 libris
704 3600 825 3676 opus
861 3574 1099 3676 Propertii
1140 3574 1461 3670 contineatur3
1498 3583 1782 3674 quatuorne‚

313 3715 431 3790 «uti
478 3728 674 3792 veteres
721 3717 991 3818 perhibent
1036 3717 1390 3818 manuscripti3
1439 3743 1498 3793 an
1543 3716 1783 3816 quinque,

314 3892 330 3922 ι
357 3856 519 3933 veluti
557 3857 736 3934 Oarolo
768 3858 1085 3935 Lachmanno
1119 3859 1227 3935 viro
1259 3857 1343 3933 illi
1374 3859 1670 3934 doetissimo
1707 3883 1785 3958 po-

315 3999 460 4074 «tius
500 4011 574 4075 est
614 4000 838 4076 visum».

303 4139 410 4231 Quae
437 4153 597 4242 utraque
625 4142 675 4218 ab
702 4142 784 4245 ipso
813 4142 1060 4220 Lachmanno
1088 4144 1271 4244 originem
1298 4144 1416 4220 duoit.
1444 4141 1632 4220 Nonnulli
1659 4151 1786 4216 antem

305 4283 498 4359 subsecuti
527 4296 629 4379 sunt,
649 4285 716 4385 qui
738 4295 807 4360 aut
833 4285 946 4386 plane
974 4314 1061 4365 oum
1089 4287 1337 4364 Lachmanno
1365 4287 1543 4384 facerent,
1563 4297 1631 4362 aut
1649 4286 1788 4388 partim

305 4437 373 4500 aut
395 4427 550 4502 omnino
569 4428 603 4502 ei
621 4441 895 4530 repugnarent:
924 4457 1086 4529 quorum
1115 4458 1205 4508 sane
1233 4431 1441 4508 sententiae
1468 4458 1553 4506 eum
1574 4431 1628 4504 ita
1646 4428 1788 4504 multae

306 4569 507 4670 variaeque
535 4571 611 4645 sint
638 4569 818 4672 prolatae,
847 4572 1000 4648 minime
1028 4574 1165 4650 tamen'
1183 4575 1229 4651 de
1255 4574 1314 4649 his
1340 4575 1454 4650 rebus
1481 4574 1580 4649 inter
1607 4599 1686 4648 sese
1713 4582 1789 4647 stu·

307 4712 403 4788 diosi
431 4712 557 4788 adhue
589 4739 810 4792 convenere.
840 4715 1079 4816 Propositum
1114 4744 1202 4818 ergo
1237 4717 1347 4792 nobis
1381 4729 1438 4792 est
1471 4717 1539 4792 has
1572 4716 1666 4792 duas
1694 4742 1789 4816 quas

308 4853 472 4930 diximus
499 4855 760 4932 vexatissimas
786 4857 1026 4957 quaestiones
1052 4859 1107 4933 ita
1134 4859 1244 4934 modo
1272 4869 1475 4935 retractare
1502 4869 1557 4954 ut,
1582 4869 1791 4934 ceterorum

307 4997 504 5073 sententiis
539 5009 629 5074 ante
663 4999 868 5100 perpensis,
897 5011 965 5075 aut
996 5000 1211 5077 refellamus
1243 5013 1287 5077 ut
1320 5001 1417 5076 illud
1453 5001 1606 5102 quidem
1643 5012 1791 5075 constet

307 5139 411 5240 quod
438 5140 659 5242 iampridem
693 5141 804 5218 nobis
831 5143 1028 5244 cognitum
1062 5155 1376 5247 perspectumque
1404 5155 1472 5240 est,
1500 5143 1686 5244 Propertii
1714 5169 1792 5216 ear·

306 5283 410 5357 mina
438 5283 576 5384 optime
603 5310 647 5360 eo
674 5312 751 5386 quo
778 5312 883 5362 nuno
911 5286 1095 5364 habemus
1123 5289 1253 5364 ordine
1279 5286 1461 5389 disposita
1489 5314 1559 5363 nee
1587 5313 1665 5361 non
1693 5311 1791 5362 com·

364 5655 412 5735 (1)
434 5655 518 5716 [tella
544 5656 614 5718 sitta
640 5658 737 5717 natale
758 5657 787 5717 di
809 5659 840 5719 S.
862 5659 1033 5735 Properzio,
1054 5659 1166 5736 Saggio
1187 5660 1218 5719 di
1239 5678 1277 5719 un
1299 5677 1397 5720 nuovo
1417 5660 1524 5730 studio,
1546 5658 1653 5718 Assisi.
1669 5659 1701 5716 In
1716 5659 1791 5716 actis

311 5755 403 5814 Acad.
427 5754 887 5830 Prop.‚m.Jul.a.18t]8.-
908 5757 983 5816 Eam
1011 5757 1041 5815 iu
1069 5757 1276 5833 compendium
1304 5758 1455 5816 redactam
1481 5763 1512 5816 et
1538 5756 1623 5816 novis
1648 5754 1791 5816 adhibitis

310 5854 390 5912 coris
412 5861 546 5912 extrema
568 5853 622 5912 hac
644 5854 674 5912 in
696 5854 791 5930 opella
813 5855 843 5914 in
865 5854 960 5914 lucem
983 5855 1176 5914 emittendam
1199 5856 1292 5916 denuo
1313 5855 1494 5914 curavimus.
