4210 6598
1047 612 1256 682 ..44-

622 823 793 910 Unicuique
813 822 1030 890 1111ιί11111
1053 824 1164 890 aalma
1186 823 1301 890 creato:

666 949 713 1016 lli
734 949 857 1016 forium
878 947 994 1035 aliquid
1015 967 1135 1034 semper
1156 965 1261 1014 amare
1282 944 1375 1063 dedii

1540 1053 1582 1118 11.
1607 1053 1661 1132 22,
1686 1051 1776 1117 17-8.

622 1165 690 1232 Hoc
711 1163 789 1231 mihi
809 1165 955 1250 perpetuo
976 1162 1024 1230 lus
1047 1163 1105 1244 eal,
1127 1161 1208 1246 quod
1230 1162 1314 1228 solus
1337 1161 1459 1227 amator
1525 1053 1538 1136 (
1778 1055 1792 1136 J

667 1289 731 1356 Nec
753 1289 814 1356 cilo
835 1289 959 1369 desisto,
982 1307 1037 1354 nec
1059 1289 1173 1354 temere
1194 1286 1314 1372 incipio.

1529 1391 1586 1476 (ΙΙ.
1611 1393 1665 1470 20,
1688 1390 1792 1476 35-6.)

622 1501 671 1569 Τιι
693 1503 770 1570 mihi
792 1503 858 1570 sola
879 1502 1000 1582 domus,
1023 1503 1070 1582 1ιι,
1093 1501 1238 1588 Cynthia,
1260 1499 1327 1568 sela
1348 1501 1499 1585 parentes,

668 1627 779 1694 Omnia
801 1630 837 1694 1ιι
859 1629 981 1694 nostrae
1002 1628 1141 1711 tempora
1161 1625 1309 1694 laetitiae.

1553 1731 1590 1815 (1.
1616 1732 1669 1810 11,
1692 1729 1792 1812 23-4.)

624 1860 669 1926 Mi
691 1879 788 1944 neque
810 1878 915 1926 amare
935 1859 1029 1925 aliam
1052 1878 1149 1944 neque
1171 1857 1211 1924 ab
1233 1857 1291 1924 hac
1313 1857 1464 1926 discedere
1487 1856 1534 1924 fas
1556 1857 1617 1924 esi:

669 1983 802 2070 Cynthia
825 1982 924 2068 prima
947 1983 1017 2064 luit,
1040 1981 1174 2070 Cynthia
1196 1981 1265 2049 linis
1287 1982 1355 2048 erit.

1525 2089 1565 2172 (1.
1591 2088 1644 2168 12,
1669 2087 1792 2171 19-20.)

625 2197 745 2265 Ultima
767 2198 840 2265 dalis
862 2198 920 2264 erit
941 2217 1020 2284 quae
1042 2217 1112 2265 mea
1134 2198 1233 2283 prima
1255 2195 1341 2264 fides.

1564 2301 1622 2385 (11.
1645 2301 1700 2381 20,
1723 2299 1793 2384 34.)

625 2432 685 2497 Tol
707 2431 810 2498 aoeies
832 2430 955 2516 periere.
977 2427 1064 2497 Nihil
1085 2430 1203 2516 pudet?
1224 2429 1344 2515 Aspice,
1367 2429 1473 2494 111111

669 2555 771 2622 Liber:
795 2557 832 2622 lu
854 2556 984 2624 nimiam
1006 2555 1130 2623 credula
1152 2555 1218 2623 sola
1238 2555 1331 2622 iaces.

625 2681 666 2747 m
687 2700 768 2749 nunc
789 2681 869 2748 inler
890 2699 942 2749 eos
964 2683 1001 2748 lu
1022 2699 1122 2749 sermo
1143 2701 1190 2750 es:
1214 2683 1245 2748 le
1267 2680 1320 2747 ille
1341 2679 1489 2766 superbus

669 2806 753 2873 Dicit
775 2826 807 2873 se
828 2807 925 2876 invito
947 2827 1036 2893 saepe
1058 2807 1152 2875 luisse
1174 2807 1267 2874 domi.

626 2931 804 3017 Dispcream
826 2932 853 2999 si
875 2933 1039 3018 quicquam
1061 2932 1146 2999 aliud
1168 2951 1263 3018 quam
1285 2930 1384 3018 gloria
1404 2929 1442 2997 de
1464 2931 1496 2996 la

670 3056 835 3139 Quaeritur
879 3103 1109 3127 .....
1114 3049 1117 3054 ’
1154 3104 1383 3124 .....

627 3181 676 3248 Ah
698 3182 828 3248 nimium
852 3181 955 3248 faciles
978 3202 1084 3250 aurem
1103 3183 1255 3268 praebere,
1278 3181 1409 3267 puellae,

671 3307 787 3374 Discite
808 3306 945 3376 desertae
967 3327 1026 3375 non
1048 3309 1162 3376 temere
1184 3327 1249 3376 esse
1271 3309 1376 3376 bonae.

626 3431 691 3499 Nos
712 3451 904 3518 quocumque
925 3433 1002 3514 loco,
1024 3409 1079 3500 nos
1102 3433 1184 3501 omni
1207 3435 1342 3518 tempore
1364 3436 1467 3500 mcum

670 3557 856 3644 Sico'acgra
877 3558 990 3643 pariter
1011 3558 1075 3626 sice
1097 3558 1219 3625 valente
1241 3577 1358 3624 samus.

1481 3665 1538 3749 (11.
1562 3665 1617 3746 21,
1641 3664 1672 3730 5.
1696 3662 1794 3748 seqq.)
1868 3645 1873 3658 '

670 3771 838 3868 Discidium
863 3772 948 3840 vobis
969 3773 1124 3857 proximus
1145 3791 1245 3840 annus
1267 3773 1335 3840 arii.

627 3897 671 3964 11
695 3917 743 3964 me
765 3916 824 3965 non
847 3899 933 3964 aclas
954 3898 1091 3964 muiabii
1111 3899 1179 3965 loia
1199 3897 1346 3984 Sibyllae,

538 4073 547 4094 .
670 4023 738 4090 Non
760 4023 846 4090 labor
868 4022 1003 4105 Alcidae,
1027 4043 1085 4091 non
1108 4024 1194 4110 niger
1214 4024 1268 4090 ille
1289 4023 1363 4090 dies.

1533 4151 1590 4236 (11.
1615 4151 1668 4231 24,
1692 4150 1795 4235 32-4.)

627 4274 742 4341 Durius
764 4275 796 4340 ic
821 4275 907 4342 larris
929 4274 1006 4341 nihil
1028 4277 1075 4342 est
1097 4275 1178 4361 quod
1200 4276 1286 4342 vival
1308 4278 1442 4356 amento,

671 4401 735 4467 Nec
758 4401 858 4481 modo,
881 4401 908 4468 si
929 4401 1040 4486 maias,
1062 4401 1144 4486 quod
1166 4402 1268 4469 minua
1289 4421 1355 4470 esse
1377 4403 1453 4470 velis
1476 4451 1617 4470 .....

628 4525 719 4593 Nunc
739 4525 836 4592 iacere
858 4544 875 4592 o
896 4523 972 4592 duro
993 4544 1102 4610 corpus
1122 4525 1206 4608 licei,
1228 4525 1334 4612 impia,
1357 4546 1440 4608 saxo,

671 4651 797 4718 Sumere
819 4652 851 4718 el
872 4651 904 4718 in
927 4653 1046 4718 nostras
1068 4651 1143 4719 trite
1165 4670 1280 4719 venena
1302 4671 1423 4720 manus.

627 4775 715 4859 Quod
736 4777 878 4861 quamvis
900 4776 945 4843 ila
967 4777 1019 4856 sil,
1042 4776 1198 4844 dominam
1220 4778 1341 4844 mulera
1362 4777 1484 4845 cavebo.

669 4902 751 4968 Tum
773 4901 869 4988 111111,
892 4921 964 4969 cum
986 4903 1017 4968 irr
1039 4921 1089 4968 mc
1111 4901 1239 4969 senserit
1260 4921 1325 4970 esso
1347 4901 1449 4970 fldem.

1483 5027 1541 5109 (ΙΙ.
1566 5029 1619 5109 17.
1642 5029 1674 5094 9·
1697 5028 1795 5114 erac)

628 5149 681 5218 Nil
703 5170 759 5236 ego
782 5169 840 5218 non
864 5151 978 5236 patiar:
1001 5168 1170 5236 numquam
1193 5170 1243 5219 me
1264 5151 1374 5221 iniuria
1397 5155 1515 5221 malai:

672 5275 761 5342 Ferre
783 5295 840 5363 ego
863 5275 1027 5343 formosam
1049 5276 1171 5344 nullum
1194 5297 1270 5344 onus
1292 5297 1357 5346 esse
1379 5281 1464 5363 puto.

1508 5389 1565 5472 (11.
1589 5387 1644 5470 24,
1667 5387 1796 5472 39-40.)

628 5505 766 5573 Mullum
788 5508 818 5574 ir
841 5527 944 5578 amore
966 5509 1050 5593 fides,
1073 5510 1209 5578 multum
1232 5513 1403 5580 mnslaniia
1426 5511 1556 5598 prodesi

1568 5640 1626 5724 (11.
1649 5641 1704 5722 26,
1727 5637 1797 5722 27.)
