4210 6598
838 757 1049 829 ..65-

192 993 239 1044 eo
269 965 520 1069 potissimum,
548 967 652 1069 quod
678 967 849 1042 Asisinss
877 993 947 1068 ego
966 968 1049 1064 sim,
1064 967 1193 1044 eadem
1227 967 1369 1045 scilicet
1388 969 1426 1043 in
1448 970 1540 1046 urbe
1559 982 1684 1064 natue,

191 1109 235 1186 in
256 1137 336 1214 qua
353 1111 592 1213 Propertium
613 1122 746 1187 natum
766 1136 846 1188 esse
858 1111 1060 1188 contendo.
1080 1109 1263 1190 Oriticum
1282 1111 1353 1188 hoo
1373 1113 1526 1190 minime
1543 1114 1685 1211 decere,

192 1277 327 1328 meum
361 1280 437 1330 non
466 1264 523 1329 est
550 1253 687 1330 dicere:
716 1252 756 1328 id
788 1279 907 1328 unum
940 1253 1032 1328 istos
1064 1279 1216 1330 monere
1246 1253 1337 1329 mihi
1370 1253 1495 1351 liceat,
1523 1281 1687 1358 aequum

193 1421 387 1472 euoenon
416 1421 507 1492 esse,
528 1422 650 1497 neque
670 1394 893 1489 humanum,
913 1394 1025 1471 Viros
1044 1405 1122 1470 tam
1150 1395 1281 1472 doctos
1309 1406 1347 1472 et
1373 1396 1598 1473 auctoritate
1625 1423 1687 1472 va-

191 1536 321 1615 lentes
353 1551 431 1614 tam
458 1537 591 1614 leviter
617 1535 679 1642 (ne
710 1537 833 1613 dicem
865 1537 1018 1641 iniuste)
1049 1537 1216 1614 iudicare
1243 1538 1290 1615 de
1320 1537 1367 1614 iis
1398 1539 1465 1640 qui
1497 1566 1584 1615 cum
1611 1538 1686 1614 fide

192 1682 402 1782 studioque
421 1681 541 1782 prime
559 1693 746 1758 conentur
763 1705 879 1775 orma,
899 1707 986 1757 cum
1006 1679 1114 1756 nulla
1132 1680 1348 1782 praesertim
1369 1681 1444 1756 alis
1462 1681 1591 1759 labore
1609 1693 1686 1757 stu-

191 1823 347 1926 diisque
374 1823 423 1900 sit
450 1824 513 1899 via
538 1822 588 1900 cd
615 1823 716 1899 vitoe
743 1849 895 1899 cursum
922 1822 995 1899 sibi
1023 1822 1115 1924 ipsis
1141 1822 1431 1900 honestandum.

910 2137 974 2214 A

247 2397 314 2474 En
341 2421 438 2499 quse
466 2394 512 2472 de
538 2393 623 2470 loco
649 2392 835 2494 Propertii
863 2391 982 2468 natali
1010 2419 1078 2494 pro
1106 2391 1308 2493 exploratis
1335 2390 1536 2468 habemus:

191 2539 225 2618 Ι.
256 2539 497 2642 Propertium
526 2550 659 2614 notum
686 2537 727 2613 in
754 2535 936 2614 Umbrio:

400 2858 453 2926 Me
474 2837 581 2944 genuit
603 2857 691 2924 terris
713 2855 823 2924 fertilis
846 2855 988 2922 uberibus
1010 2856 1118 2940 (Peos.
1141 2856 1167 2921 1.
1191 2857 1245 2933 22,
1268 2856 1315 2940 9.)
1441 2941 1444 2952 Ἰ

314 2966 348 3046 b)
377 2965 509 3033 Umbrio
530 2964 662 3031 Romam
684 2965 784 3048 patrie
806 2961 988 3030 Callimachi
1010 2963 1072 3047 (lo.
1097 2963 1151 3028 tv.
1178 2964 1208 3042 1,
1234 2963 1301 3048 64.)

312 3075 345 3150 c)
375 3071 505 3140 Umbrio
526 3073 558 3140 te
580 3071 661 3139 notis
683 3071 811 3158 antiqua
832 3070 994 3155 penatibus
1016 3070 1080 3136 edit
1101 3069 1162 3154 (Io.
1185 3069 1271 3149 ibid,
1296 3071 1386 3154 121.)

192 3289 248 3366 ΙΙ.
279 3288 509 3389 Municipem
536 3285 723 3389 Propertii
749 3284 876 3379 fuisse,
896 3295 1011 3387 atque
1037 3311 1159 3387 genus
1186 3286 1236 3361 ab
1256 3312 1300 3362 eo
1328 3283 1480 3361 duxisse
1503 3283 1683 3360 Paullum

248 3433 486 3508 Passennum
513 3441 676 3531 poetam,
696 3426 892 3531 aequalem
917 3418 1096 3530 temporis
1115 3440 1153 3505 et
1170 3429 1335 3504 amicum
1358 3427 1474 3503 Plinii
1501 3428 1683 3504 Iunioris:

311 3627 346 3706 a)
369 3627 541 3692 Passennus
564 3623 703 3703 Paullus,
719 3621 893 3708 splendidus
916 3642 1007 3709 eques
1030 3623 1188 3689 Romanus
1203 3624 1235 3688 et
1255 3623 1394 3706 inprimis
1417 3613 1565 3704 eruditus,
1582 3622 1687 3689 scribit

189 3735 305 3821 elegos.
322 3732 520 3801 Gentilicium
543 3732 600 3798 boc
621 3730 682 3797 illi:
706 3732 754 3797 est
775 3730 855 3797 enim
871 3731 1030 3814 multiceps
1053 3730 1211 3815 Propertii,
1226 3732 1320 3814 etque
1343 3730 1437 3797 eiiam
1452 3731 1532 3796 inter
1553 3731 1687 3796 micres

189 3863 265 3910 suos
289 3841 480 3925 Propertium
503 3840 655 3905 numeret.
677 3839 777 3922 (Pus.
801 3837 899 3921 Epist.
923 3837 979 3919 VI,
1004 3839 1069 3921 15.)

311 4001 345 4081 b)
367 4001 483 4086 Magna
505 4018 555 4066 me
576 3998 786 4066 solleciturlins
811 3998 924 4065 adfecit
946 3999 1092 4066 Passenni
1113 3998 1217 4076 Paulli
1239 3998 1394 4078 valetudo,
1418 3997 1594 4082 etquidem
1617 3997 1687 4082 plu-

190 4110 278 4176 rimis
300 4106 536 4190 iustissimisque
558 4105 595 4172 de
617 4105 727 4172 oensis.
752 4106 807 4171 Vir
829 4109 877 4173 est
899 4107 1043 4191 optimus,
1060 4107 1302 4185 honestissimus,
1326 4106 1422 4172 nostri
1444 4105 1685 4182 amantissimus,

190 4218 348 4302 praetereo
369 4215 401 4280 in
424 4213 536 4279 litteris
552 4213 667 4278 veteres
690 4211 875 4293 aemulatur,
890 4214 1044 4298 exprimit,
1060 4213 1168 4294 reddit,
1184 4213 1376 4298 Propertium
1398 4213 1430 4278 in
1453 4212 1569 4295 primis,
1585 4233 1606 4275 u
1625 4231 1684 4294 quo

189 4342 290 4406 penus
312 4321 398 4386 ducit
420 4321 478 4385 eto.
502 4320 560 4404 (Io.
584 4319 639 4404 Ep.
664 4319 720 4398 IX,
744 4321 810 4405 22.)

193 4502 268 4577 ΙΙΙ.
297 4499 424 4594 Asisii,
451 4499 492 4574 in
519 4497 701 4575 Umbriae
734 4499 885 4602 oppido,
914 4499 1046 4576 titulos
1081 4510 1246 4600 repertos
1276 4525 1362 4576 cum
1399 4497 1680 4598 Propertiorum

249 4657 331 4719 tum
358 4642 651 4737 Passennorum,
679 4641 769 4717 item
803 4642 1000 4742 utriusque
1028 4640 1141 4718 simul
1169 4641 1333 4717 familiae
1361 4639 1563 4741 adoptione
1596 4665 1683 4714 con-

246 4787 477 4879 iunctorum,
506 4811 629 4884 neque
655 4783 779 4861 ullum
807 4811 827 4860 e
855 4785 988 4860 ceteris
1015 4785 1172 4862 Umbris
1200 4783 1361 4886 oppidis,
1381 4781 1456 4858 tale
1483 4780 1588 4884 quid,
1608 4781 1682 4856 nisi

247 4927 565 5024 commenticium,
603 4927 766 5030 proferre
803 4927 862 5032 (¹).
900 4929 983 5004 Hos
1018 4954 1065 5003 ex
1100 4927 1264 5004 editione
1300 4927 1346 5002 Ε.
1380 4927 1582 5004 Bonusrru
1619 4923 1681 4999 hic

246 5318 294 5399 (1)
317 5321 457 5398 Spectant
478 5323 626 5397 postrema
649 5317 721 5379 haec
743 5319 835 5377 verba
855 5317 893 5378 ad
915 5317 1123 5395 inscriptiones
1144 5315 1291 5394 Hispelli:

745 5467 1122 5510 n·cortlrr1vs·1.·r·nltrs

829 5595 921 5635 SEX'I'·
936 5592 1038 5636 AVREL

869 5689 1007 5734 PROPERT

837 5789 891 5832 SEX
905 5789 959 5830 Ψ·
974 5789 1034 5831 nsit
