4210 6598
1048 609 1258 680 ...12-

409 797 628 886 querentem
655 813 733 861 non
762 785 1028 886 imprecantem
1056 783 1227 859 relietum
1261 793 1464 860 amatorem
1498 783 1722 879 videbimus,
1751 784 1892 860 deside·

410 929 508 1003 rium
527 929 560 1003 ei
579 939 617 1004 et
635 928 813 1004 fiduciam
831 925 1147 1002 reconciliationis
1165 952 1243 1002 non
1263 925 1560 1026 desperationem
1586 951 1678 1023 esse,
1698 936 1736 1003 et
1754 927 1892 1028 qualis·

412 1097 574 1172 cumque
601 1069 656 1145 illi
684 1071 813 1146 futura
846 1080 943 1144 esset
974 1066 1154 1172 Cynthia,
1185 1080 1406 1171 perpetuum
1442 1095 1553 1144 suum
1586 1095 1750 1144 amorem
1777 1079 1892 1170 atque

414 1195 632 1271 servitutem
659 1196 737 1270 fore
763 1193 990 1295 promittere.
1011 1191 1118 1285 Quae
1140 1192 1292 1294 quidem
1320 1192 1470 1270 duobus
1489 1193 1547 1268 his
1565 1192 1737 1269 versibus
1764 1191 1892 1294 colligi

413 1327 590 1422 possunt:

707 1574 725 1607 α
748 1549 858 1615 Omnia
880 1547 1021 1614 consuevi
1043 1548 1170 1614 timidus
1192 1547 1321 1633 perferre
1343 1549 1489 1633 superbae

746 1676 850 1742 Iussa.
865 1723 872 1739 .
888 1723 916 1738 ..
941 1699 960 1735 »
985 1674 1021 1757 (1.
1048 1675 1100 1752 18,
1123 1675 1190 1758 25.)

708 1824 726 1857 ι
750 1798 795 1864 Mi
817 1817 914 1882 neque
936 1817 1039 1864 amare
1062 1798 1155 1864 aliam
1179 1817 1275 1882 neque
1297 1798 1337 1864 ab
1359 1798 1416 1865 bac
1439 1797 1582 1864 desistere

749 1923 809 1988 Fas
831 1925 879 1988 est
902 1949 920 1984 »
937 1923 982 2006 (Ι.
1008 1925 1060 2002 12,
1086 1923 1162 2008 19.),

415 2209 628 2310 saepissime
655 2209 695 2283 in
722 2208 906 2310 Propertii
937 2208 1044 2285 libris
1079 2209 1249 2310 repetita,
1277 2220 1322 2284 ut
1354 2207 1450 2284 illud
1483 2208 1529 2283 de
1556 2206 1627 2284 irae
1654 2234 1694 2284 re
1727 2207 1894 2309 profecto

413 2351 526 2427 liceat
560 2351 755 2447 affirmare,
784 2350 1033 2452 Propertium,
1062 2351 1119 2427 uti
1146 2352 1202 2446 fit,
1231 2351 1322 2427 dum
1353 2349 1524 2454 Cynthia
1556 2349 1628 2452 ipsi
1661 2350 1809 2447 restitit,
1840 2352 1895 2426 in·

414 2492 626 2593 dignationi
653 2491 767 2569 semel
793 2491 991 2594 indulgere
1017 2503 1132 2594 atque
1158 2493 1198 2568 in
1231 2491 1527 2594 desperationem
1559 2491 1698 2568 adduci
1725 2492 1806 2569 iure
1832 2520 1896 2596 po-

413 2635 546 2732 tuisse;
564 2655 707 2710 -verum
733 2661 860 2711 amore
886 2635 1035 2736 puellae
1057 2636 1232 2737 potitum,
1253 2634 1366 2711 sicin
1385 2633 1465 2710 dies
1484 2633 1589 2710 illius
1615 2633 1761 2710 artibus
1789 2635 1896 2711 blan-

415 2777 539 2878 daque
572 2777 692 2880 ipsius
724 2789 863 2853 natura
898 2790 1051 2881 captum
1088 2805 1167 2854 esse
1203 2777 1339 2874 furore,
1374 2787 1489 2878 atque
1521 2776 1576 2852 ita
1609 2777 1818 2856 assuevisse
1854 2806 1894 2856 se

416 2919 579 3016 servitio,
607 2933 653 2997 ut
676 2919 815 2996 mirum
849 2920 1039 3022 quoddam
1072 2920 1276 3023 patientiae
1307 2920 1577 2996 documentum
1611 2919 1789 2997 omnibus
1816 2949 1895 3024 pcr-

412 3075 529 3162 petuo
555 3063 728 3138 futurum
758 3073 857 3139 esset
885 3063 1130 3140 amatoribus.
1157 3063 1324 3139 Videant
1350 3072 1542 3163 praeterea
1567 3060 1642 3158 isti,
1670 3087 1822 3164 quaeso,
1851 3078 1895 3142 ut

414 3204 632 3305 Propertius
659 3205 771 3280 etiam
800 3216 996 3282 tumeam
1023 3205 1192 3308 quinque
1217 3215 1303 3307 post
1322 3204 1583 3281 vexatissimos
1610 3205 1746 3282 amoris
1773 3233 1895 3284 annos

413 3346 454 3420 in
483 3358 706 3448 perpetuum
734 3346 940 3453 Cynthium
967 3349 1191 3450 repudiaret,
1213 3348 1391 3450 perfidiae
1414 3357 1529 3448 atque
1555 3347 1788 3449 pervicaciae
1815 3351 1895 3428 eius

416 3487 569 3564 tandem
596 3500 801 3590 pertaesus,
829 3491 869 3565 in
897 3502 1062 3567 extrema
1088 3490 1155 3567 lib.
1176 3491 1249 3566 111.
1268 3489 1388 3592 elegia
1414 3515 1512 3590 quae
1538 3488 1651 3570 simul
1679 3516 1767 3568 cum
1793 3507 1898 3579 antc-

416 3630 575 3726 cedenti,
595 3657 684 3733 prae
702 3632 835 3709 ceteris
861 3633 1053 3709 amatoriis
1079 3633 1160 3710 eius
1184 3633 1428 3729 carminibus,
1452 3650 1624 3722 παλινῳδία
1651 3646 1775 3734 potest
1798 3665 1899 3714 nun·

417 3773 560 3874 cupari,
579 3773 706 3850 animo
728 3784 860 3866 ,tamen
888 3775 1007 3853 invito
1034 3802 1078 3852 ac
1095 3778 1249 3876 flentem
1266 3807 1301 3856 se
1318 3781 1496 3862 discedere
1522 3787 1749 3861 confiteatur
1771 3783 1825 3888 (v.
1847 3785 1899 3890 t.)

469 3915 644 4017 Denique
670 3916 845 3994 nonnihil
872 3919 986 3996 etiam
1012 3919 1158 3996 roboris
1193 3921 1374 4001 adversus
1410 3919 1510 4010 hanc
1546 3927 1770 4005 seutentiam
1800 3927 1897 4005 illud

416 4059 547 4134 afferre
573 4059 665 4135 mihi
693 4060 853 4155 videtur,
872 4061 975 4164 quod
1001 4061 1042 4138 in
1070 4089 1114 4138 ea
1140 4063 1271 4166 elegia,
1290 4093 1406 4168 quam
1423 4081 1628 4147 extremam
1651 4071 1829 4174 scriptam
1857 4071 1895 4148 hi

418 4201 666 4297 contendunt,
695 4229 783 4279 oum
817 4202 948 4280 amieis
983 4203 1062 4281 suis
1096 4219 1254 4306 questus
1287 4221 1385 4290 esset
1418 4222 1529 4312 poeta
1563 4213 1667 4314 quod
1704 4215 1822 4291 serius
1857 4215 1897 4290 in

418 4343 630 4421 subsidium
658 4345 730 4421 sibi
761 4346 972 4422 venissent:
1009 4375 1097 4424 cum
1132 4349 1207 4426 ism
1242 4351 1282 4426 in
1316 4350 1363 4429 el.
1399 4358 1436 4430 4.
1465 4356 1634 4452 Bassam,
1663 4357 1793 4434 multas
1822 4357 1899 4434 lau·

418 4485 540 4562 darida
566 4485 714 4586 puellas
745 4513 769 4562 a
800 4485 970 4590 Cynthia
1004 4489 1243 4592 Propertium
1275 4519 1435 4572 avocare
1468 4496 1652 4574 nitentem
1685 4499 1896 4596 videamus3

418 4627 507 4702 item
535 4627 653 4704 alium
683 4627 846 4705 amioum
873 4629 913 4706 in
944 4633 1024 4730 12.;
1053 4643 1168 4733 atque
1195 4633 1306 4710 etiam
1333 4635 1374 4711 in
1403 4639 1439 4712 5.
1468 4635 1676 4742 Cynthiam
1703 4640 1898 4742 Propertio
1963 4733 1967 4742 ι

419 4768 490 4843 sibi
516 4770 700 4872 surripere
727 4769 885 4848 Gallum
913 4772 1079 4852 voluisse
1106 4775 1338 4877 apertissime
1365 4777 1501 4880 cuique
1529 4793 1668 4882 pateat.

470 5054 544 5130 ΙΙΙ.
564 5099 616 5114 -
639 5056 745 5133 Haec
764 5069 872 5133 erant
890 5059 965 5134 fere
991 5085 1089 5159 quae
1116 5059 1299 5138 haetenus
1317 5062 1388 5139 hac
1408 5090 1521 5166 super
1538 5065 1659 5167 prima
1676 5067 1765 5144 libri
1789 5068 1900 5169 primi

418 5197 538 5300 elegia
555 5224 579 5274 a
597 5199 718 5275 doctis
745 5200 837 5278 viris
864 5200 1158 5302 disputabantur
1175 5203 1278 5308 (nam
1297 5206 1344 5282 de
1363 5206 1524 5308 singulis
1550 5209 1780 5310 quibusdam
1807 5210 1900 5287 locis

418 5341 670 5418 controversis
696 5368 784 5417 mox
810 5342 992 5446 agemus),
1020 5370 1091 5422 nee
1118 5345 1287 5448 reliquus
1317 5349 1427 5424 novis
1460 5349 1687 5428 coniecturis
1714 5350 1822 5452 locus
1848 5353 1902 5428 vi·

416 5483 578 5560 debatur
613 5484 777 5580 futurus,
813 5463 899 5560 cum
933 5486 1072 5564 nostris
1109 5488 1262 5566 omnino
1295 5489 1439 5587 diebus,
1475 5491 1534 5568 his
1567 5494 1716 5570 eunctis
1751 5493 1901 5595 postha-

417 5623 517 5720 bitis,
552 5651 659 5702 suam
693 5651 847 5727 prorsus
881 5628 981 5704 viam
1016 5629 1264 5709 audacissime
1295 5633 1459 5734 quidem,
1489 5633 1529 5710 ni
1556 5635 1678 5734 fallor,
1707 5635 1899 5738 ingressus
