4210 6598
1043 646 1256 716 ..76-

457 858 560 950 Quid
586 859 704 961 igitur
737 869 794 934 est
820 859 908 934 urbs
940 857 1144 933 scandensl
1170 901 1222 914 -
1250 855 1377 932 Altam
1410 853 1584 930 excelsum
1617 853 1746 928 editam
1774 851 1892 954 expli·

282 1073 286 1082 Ι
403 984 506 1060 cavit
522 983 789 1080 Forcelliuius3
819 982 956 1058 etenim
974 1008 1021 1058 ex
1039 981 1216 1057 omnibus
1234 980 1384 1056 Latinis
1409 978 1655 1079 scriptoribus
1674 977 1776 1054 solus
1799 978 1892 1052 Pro·

403 1107 545 1208 pentius
572 1108 643 1184 hoc
671 1107 730 1184 bis
757 1133 849 1183 usus
877 1111 932 1184 est
959 1107 1157 1200 adiectivo,
1182 1117 1343 1205 utroque
1369 1103 1453 1180 loco
1481 1103 1527 1179 de
1557 1102 1648 1178 urbe
1672 1128 1741 1179 sua
1766 1103 1892 1203 patria

401 1258 488 1307 oum
516 1232 743 1334 loqueretur.
763 1231 906 1308 Verum
933 1258 1020 1307 cum
1049 1242 1107 1307 tot
1131 1243 1256 1306 essent
1283 1229 1421 1331 oppida
1447 1227 1488 1304 in
1507 1227 1664 1306 Umbris
1692 1227 1891 1302 montibus

401 1357 657 1452 exaedificata,
681 1358 722 1434 in
748 1357 942 1457 quodnam
969 1357 1107 1458 potius,
1128 1355 1160 1430 si
1186 1381 1295 1430 aures
1322 1353 1551 1430 Forcellinio
1579 1351 1827 1454 praebendae,
1848 1377 1891 1426 se

402 1481 650 1557 convertisset
677 1481 969 1558 venerabundus
1005 1479 1153 1555 viator?
1179 1478 1237 1555 Ne
1268 1477 1379 1554 multi
1407 1475 1536 1572 simus,
1564 1477 1683 1577 siquis
1716 1476 1889 1551 animum

401 1604 587 1700 advertat,
615 1606 735 1706 primo
766 1632 854 1680 oum
881 1604 1026 1707 aliquid
1061 1604 1256 1681 ostendere
1284 1603 1445 1680 velimus
1481 1602 1640 1678 tacitum
1667 1601 1721 1676 rei
1748 1627 1889 1676 nomen

399 1741 690 1828 praetereuntes,
710 1729 823 1804 huius
847 1729 1002 1830 aliquod
1028 1728 1177 1828 insigne
1204 1727 1367 1828 prolerre
1387 1753 1538 1804 necesse
1556 1752 1648 1822 esse,
1676 1752 1753 1827 quo
1781 1752 1804 1801 e
1831 1751 1891 1800 ce·

400 1853 489 1927 teris
517 1852 703 1929 similibus
730 1853 827 1929 illud
855 1854 1107 1950 discernatur,
1136 1852 1271 1928 deinde
1300 1851 1630 1952 diligentissimum
1657 1851 1697 1927 in
1725 1851 1891 1952 descrip-

400 1977 569 2054 tionibus
596 1979 833 2079 Propertium
861 2005 940 2054 esse
959 1991 1002 2054 ut
1029 2004 1117 2053 suas
1142 1978 1280 2079 cuique
1307 1989 1418 2052 notas
1436 1976 1801 2077 verissimesemper
1822 1976 1889 2052 ad-

399 2102 545 2202 pinget,
565 2102 778 2180 cuiusmodi
804 2102 909 2178 aliud
937 2103 1185 2204 conspicuum
1211 2102 1424 2203 exemplum
1453 2101 1578 2177 videre
1605 2101 1711 2177 brevi
1739 2100 1886 2197 licebit;

397 2239 598 2327 postremo,
621 2239 664 2303 ut
691 2228 827 2303 iterum
854 2227 990 2323 dicam,
1013 2227 1201 2303 neminem
1229 2238 1376 2328 praeter
1402 2227 1640 2328 Propertium
1667 2226 1888 2302 adhibuisse

399 2350 628 2427 adiectivum
655 2351 841 2442 scandens,
867 2351 982 2452 idque
1008 2351 1068 2427 bis
1095 2351 1142 2426 de
1170 2352 1263 2427 urbe
1295 2363 1445 2426 tantum
1473 2351 1592 2426 natali
1624 2376 1711 2426 cum
1739 2365 1885 2452 ageret:

399 2499 446 2550 ex
472 2473 530 2550 his
558 2475 735 2551 omnibus
762 2475 904 2576 optimo
931 2475 1024 2550 mibi
1042 2476 1123 2551 iure
1150 2475 1266 2551 statui
1294 2501 1403 2576 posse
1429 2475 1591 2571 videtur,
1611 2488 1760 2576 poetam
1787 2475 1887 2552 illud

398 2599 573 2676 scandens
593 2600 761 2677 sufficere
783 2613 936 2702 putasse
955 2601 1003 2676 ad
1023 2601 1154 2676 urbem
1174 2626 1281 2677 suam
1300 2599 1410 2677 facile
1429 2579 1740 2702 dignoscendam:
1761 2627 1888 2702 neque

398 2723 549 2819 iniuria,
578 2724 609 2799 si
636 2752 714 2801 rem
741 2737 842 2802 recte
868 2726 1156 2827 perpendamus.

452 2848 605 2925 Etenim
641 2850 782 2951 quiex
818 2851 909 2926 meis
941 2850 1146 2926 lectoribus
1173 2849 1341 2926 Asisium
1377 2849 1567 2945 viderunt,
1594 2850 1886 2926 exaedificatum

398 2973 468 3048 boc
488 2999 567 3050 esse
593 2973 679 3050 illos
698 3002 775 3051 non
797 2975 936 3076 fugerit
955 2986 1165 3050 transverse
1184 2975 1337 3050 dimidio
1356 2975 1396 3050 in
1416 2974 1524 3071 colle,
1543 2973 1583 3078 (ί)
1601 2975 1655 3051 ita
1673 2987 1717 3051 ut
1749 2977 1887 3051 domus

397 3099 508 3173 rectis
536 3098 611 3174 fere
637 3099 846 3194 ordinibus,
875 3127 988 3202 super
1014 3100 1132 3176 alium
1158 3099 1245 3188 alio,
1273 3100 1475 3202 dispositae
1501 3101 1590 3196 sint,
1617 3115 1732 3202 atque
1760 3100 1886 3176 scalae

397 3221 504 3298 velut
522 3223 683 3324 speciem
702 3223 915 3300 exhibeant.
936 3223 1048 3316 Quod
1073 3224 1127 3300 ite
1155 3223 1276 3324 magis
1302 3251 1382 3300 esse
1400 3224 1533 3301 debuit
1558 3223 1725 3326 antiquis
1752 3237 1888 3325 poetae

399 3347 642 3447 temporibus,
671 3375 759 3424 cum
791 3374 889 3450 quae
923 3349 1043 3455 modo,
1070 3350 1160 3426 urbs
1194 3349 1375 3426 orientem
1409 3349 1716 3452 occidentemque
1751 3375 1885 3428 versus

398 3472 614 3547 recentioris
632 3472 716 3548 aevi
734 3472 911 3549 bracchia
934 3473 1103 3576 porrigit,
1125 3475 1312 3569 abessent,
1331 3475 1414 3576 ipsa
1436 3487 1568 3551 contra
1598 3475 1687 3551 urbs
1707 3475 1756 3552 ad
1775 3472 1885 3550 collis

295 3697 298 3707 Ι
398 3596 575 3672 verticem
608 3598 762 3698 propius
791 3625 907 3701 quam
932 3597 1042 3676 hodie
1073 3599 1266 3678 accederet
1296 3595 1350 3702 (ἵ),
1369 3600 1605 3702 maximeque
1631 3611 1757 3678 autem
1789 3599 1885 3676 inte-

809 4289 899 4349 Come
920 4290 967 4349 chi
989 4289 1174 4368 d’Appennin
1196 4298 1319 4351 seruato
1340 4291 1362 4351 il
1383 4291 1472 4353 dorso

773 4387 883 4448 Presso
901 4387 1040 4465 Fuligno‚
1056 4406 1115 4466 per
1137 4390 1169 4449 la
1189 4391 1274 4449 calta
1294 4392 1375 4449 calle

770 4485 823 4545 Cui
847 4501 950 4564 rompe
971 4485 994 4546 il
1016 4494 1116 4547 monte
1136 4488 1165 4547 di
1187 4487 1308 4565 Spoleio
1329 4488 1351 4548 il
1372 4505 1469 4562 corso,

768 4583 892 4643 Prende
913 4584 1041 4661 laperto
1060 4601 1077 4643 e
1096 4585 1233 4644 dilettoco
1253 4587 1342 4656 colle,

771 4680 811 4741 Se
830 4683 856 4740 il
872 4682 994 4760 puardo
1015 4681 1086 4742 licio
1106 4684 1136 4742 in
1158 4683 1235 4744 sulla
1257 4701 1361 4744 manca
1382 4702 1484 4745 scorso

768 4779 852 4840 Lena
873 4781 948 4842 d'uu
969 4799 1053 4842 sasso
1072 4781 1132 4841 alle
1152 4799 1285 4842 scoscose
1306 4781 1409 4859 spallo,

769 4879 891 4950 Bianco,
911 4879 1021 4940 nudato
1041 4879 1148 4956 d'ogui
1170 4879 1236 4951 fior,
1257 4879 1362 4955 d'cgui
1383 4883 1465 4954 erbe,

766 4976 850 5036 Vede
870 4995 938 5038 cosa
960 4979 1035 5038 onds
1055 4979 1103 5055 poi
1128 4977 1271 5038 memoria
1293 4979 1389 5050 serbe,

793 5075 847 5134 ·Di
868 5075 960 5135 'Previ
982 5075 1012 5135 la
1032 5075 1104 5136 eiua
1125 5083 1181 5138 stc.

1300 5174 1352 5255 (G.
1373 5177 1464 5238 Laoc.
1486 5177 1664 5258 Paralip.
1684 5180 1740 5242 111.
1757 5181 1826 5262 ts)

521 5285 565 5346 Cl.
607 5304 632 5349 r.
673 5333 681 5348 .
783 5333 792 5351 .
833 5334 840 5350 .

450 5285 499 5466 ili
520 5385 565 5446 Ex
587 5289 924 5448 iomistidsnninorus
954 5387 1031 5448 bend
1063 5388 1151 5448 dubie
1180 5389 1210 5450 id
1240 5387 1345 5466 colligi
1375 5397 1480 5468 potest,
1510 5391 1619 5453 iteme
1650 5395 1799 5456 nonnullis
1831 5413 1880 5456 ve-

396 5491 493 5544 terum
522 5484 709 5545 edificiorum
736 5487 884 5564 vestigiis,
905 5488 1010 5564 quibus
1039 5487 1225 5548 illustrandis
1252 5506 1373 5567 operam
1401 5489 1464 5549 scio
1488 5491 1606 5551 dantem
1635 5492 1725 5571 Alph.
1744 5493 1877 5554 Britium

397 5583 504 5644 orchit.
526 5583 609 5656 clar,
625 5583 710 5643 illum
733 5585 829 5661 ipsum
851 5586 900 5664 qui
920 5603 992 5664 opus
1012 5585 1217 5647 doctissimum
1240 5587 1283 5647 de
1304 5587 1429 5648 Asisii
1450 5607 1537 5649 arca
1558 5589 1676 5652 biennio
1697 5598 1764 5652 ante
1784 5593 1879 5654 edidit

396 5682 426 5740 in
448 5681 543 5740 lucem
566 5681 625 5761 (Cf.
646 5689 705 5742 not.
727 5679 830 5762 pree).
