4210 6598
1031 606 1242 678 ...16-

392 808 470 883 qua
488 809 661 886 quaeque
679 781 820 884 scripta
840 781 973 857 fuisset
1000 795 1160 878 servata,
1180 783 1219 860 in
1237 782 1355 860 libros
1382 783 1553 862 redactas
1571 782 1748 860 emisisse.
1768 781 1875 873 Quae

392 925 425 1000 si
456 926 565 1002 firma
598 925 837 1020 retineamus,
870 950 1000 1000 omncs
1031 951 1128 1026 quas
1163 925 1407 1027 Transalpini
1442 926 1663 1028 interpretes
1697 925 1874 1028 precipue

390 1069 630 1146 offenderunt
655 1067 896 1144 difficultates
923 1067 971 1142 ad
999 1067 1120 1145 nilum
1147 1095 1267 1172 paene
1294 1069 1529 1170 rediguntur.
1557 1069 1670 1145 lilino
1702 1069 1804 1146 enim
1829 1069 1874 1144 fit

391 1223 447 1307 ut,
467 1211 499 1288 si
517 1210 566 1287 ad
584 1211 781 1286 obrussam
803 1208 1009 1310 exigamus,
1030 1210 1218 1287 nonnulla
1234 1210 1275 1286 in
1294 1237 1405 1314 opere
1431 1211 1616 1313 Propertii
1634 1211 1872 1286 inveniamus

390 1379 489 1454 quae
515 1353 614 1429 inter
632 1378 672 1429 se
688 1350 901 1453 pugnantia
928 1351 1145 1447 videantur3
1174 1351 1314 1454 elegias
1340 1364 1467 1429 autem
1494 1352 1661 1454 priorum
1689 1353 1804 1429 trium
1830 1351 1874 1428 li-

391 1497 557 1591 brorum,
585 1495 625 1570 in
656 1495 797 1596 quibus
828 1493 874 1569 de
905 1491 1075 1597 Cynthia
1108 1494 1245 1596 agitur,
1274 1494 1381 1572 velut
1411 1495 1452 1572 iu
1486 1507 1612 1598 partes
1647 1495 1871 1573 distribuere

349 1621 351 1624 ⁵
381 1637 589 1741 possimus,
617 1636 704 1740 plus
730 1635 905 1712 minusve
932 1636 1155 1734 carminum,
1174 1637 1236 1714 vel
1256 1664 1375 1724 unum
1401 1638 1604 1734 interdum,
1630 1637 1872 1740 comprehen-

390 1782 533 1878 dentes,
552 1780 639 1883 plus
665 1779 841 1856 minusve
858 1777 1036 1880 temporis
1054 1779 1256 1856 intervallo
1281 1780 1381 1856 inter
1398 1807 1437 1858 se
1455 1780 1654 1876 distantes3
1684 1778 1869 1881 equidem,

387 1925 525 2001 iterum
555 1923 662 1999 iuvat
693 1921 828 2016 dicere,
857 1932 970 2022 prout
1001 1921 1149 1998 occasio
1181 1921 1342 2019 tulisset,
1369 1935 1438 1998 aut
1468 1921 1556 2024 plus
1587 1921 1761 1999 minusve
1791 1948 1871 1998 car·

387 2065 533 2142 minum
568 2064 766 2142 occasione
801 2062 892 2139 data
925 2064 1209 2166 composuisset,
1244 2075 1313 2142 aut
1346 2065 1640 2168 compositorum
1678 2064 1719 2140 in
1752 2063 1870 2141 libros

386 2207 598 2285 admisisset
626 2219 748 2307 pocta.

438 2351 581 2427 Verum
608 2349 641 2424 is
667 2374 737 2450 ego
769 2375 848 2424 non
880 2373 963 2425 sum
991 2349 1058 2450 qui
1086 2373 1232 2452 negem,
1260 2348 1332 2426 bac
1361 2376 1515 2452 quoque
1546 2349 1692 2426 ratione
1723 2348 1866 2446 habita,

384 2490 488 2569 locos
514 2492 556 2566 in
583 2491 778 2594 Propertio
805 2515 886 2568 esse
910 2491 1052 2592 quibus
1078 2490 1159 2568 i'ure
1185 2491 1365 2568 haereant
1388 2492 1621 2594 interpretes,
1651 2491 1867 2592 etquidem

384 2633 541 2711 multos:
574 2632 672 2710 iilud
699 2644 826 2710 tamen
858 2634 946 2711 totis
978 2631 1125 2711 viribus
1153 2633 1282 2738 (atque
1314 2636 1462 2712 utinam
1492 2635 1533 2712 id
1558 2661 1707 2738 possem
1733 2634 1867 2716 maiori

351 2801 356 2814 ·
383 2804 474 2854 oum
491 2776 745 2880 auctoritatei)
763 2775 964 2872 contendo,
984 2777 1189 2854 maximum
1217 2777 1484 2856 difficultatum
1502 2805 1714 2874 numerum,
1734 2787 1867 2879 totque

382 2917 644 2995 contentiones
660 2917 774 3022 (sicut
792 2917 945 2995 abunde
972 2919 1065 2996 haee
1089 2947 1206 3020 quam
1227 2947 1348 3022 nuper
1365 2920 1598 2997 absolvimus
1625 2947 1696 2996 nos
1723 2919 1864 3018 docuit,

382 3072 497 3162 atque
526 3061 761 3138 luculentius
792 3087 890 3162 quae
917 3062 1087 3163 sequitur
1118 3062 1281 3166 docebit)
1308 3075 1366 3140 tot
1392 3062 1515 3140 claros
1546 3062 1647 3140 viros
1679 3063 1865 3141 vitaturos

382 3203 508 3298 fuisse,
543 3203 655 3282 modo
689 3215 734 3280 ut
766 3203 951 3281 curiosius
985 3205 1170 3307 Propertii
1207 3205 1337 3282 stilum
1372 3206 1685 3303 considerassent,
1717 3206 1797 3308 qui,
1833 3207 1865 3284 si

379 3347 581 3448 quisquam
608 3372 802 3448 umquam,
830 3347 981 3451 proprio
1008 3349 1129 3426 utitur
1155 3375 1337 3446 sermone,
1366 3376 1548 3451 suamque
1580 3350 1722 3428 insistit
1748 3351 1862 3428 viam.

1086 3751 1154 3832 B

431 4096 585 4209 Praeter
616 4095 858 4196 quaestiones
890 4121 988 4196 quae
1021 4096 1069 4175 de
1101 4095 1279 4174 universa
1312 4096 1432 4200 elegia
1468 4110 1555 4194 tres,
1590 4099 1647 4174 uti
1681 4099 1858 4196 vidimus,

376 4238 601 4340 praecipuae
619 4237 803 4333 feruntur,
819 4236 916 4314 aliae
927 4265 1080 4340 quoque
1098 4251 1189 4316 sunt
1208 4249 1357 4341 praesto
1384 4266 1461 4316 non
1481 4241 1636 4317 minoris
1654 4269 1694 4318 re
1707 4242 1860 4344 quidem

377 4407 467 4457 vera
502 4407 617 4482 quam
650 4379 739 4457 illae
772 4380 913 4456 suerint
945 4380 1126 4459 momenti
1153 4381 1217 4485 (ex
1247 4380 1306 4458 his
1332 4382 1434 4459 enim
1466 4409 1603 4460 causae
1637 4382 1859 4488 plerumque

377 4535 550 4632 sumptae
584 4549 653 4600 cur
685 4521 774 4599 illae
801 4521 1002 4628 orirentur)
1028 4522 1075 4600 de
1105 4523 1335 4626 quibusdam
1370 4523 1533 4626 singulis
1565 4525 1604 4602 in
1637 4527 1721 4629 ipsa
1751 4526 1857 4624 locis,

374 4692 472 4766 quos
502 4678 629 4742 tamen
656 4689 702 4741 ex
729 4675 836 4767 parte
871 4665 1011 4742 accidit
1042 4665 1118 4742 iam
1144 4679 1190 4742 ut
1220 4666 1342 4743 obiter
1374 4678 1633 4765 tractaremus,
1661 4669 1701 4745 id
1728 4679 1785 4746 est
1812 4669 1858 4746 de

375 4835 503 4885 versu:

733 5046 751 5082 ι
775 5021 816 5088 at
837 5021 900 5088 iam
924 5023 1007 5090 furor
1029 5023 1078 5090 hio
1101 5024 1166 5090 toto
1189 5041 1248 5090 nou
1270 5022 1373 5092 deficit
1394 5043 1473 5094 auro
1496 5052 1514 5088 »

372 5219 484 5296 etde
512 5245 639 5295 versu:

732 5455 750 5491 «
774 5431 847 5500 Sitis
870 5435 902 5500 ct
924 5431 955 5499 in
978 5434 1048 5500 tuto
1071 5451 1188 5519 semper
1209 5453 1312 5503 amore
1333 5455 1421 5520 pares
1444 5461 1462 5500 ›

372 5630 417 5707 de
444 5630 585 5731 quibus
613 5627 813 5708 consilium
840 5629 901 5708 hic
929 5631 1041 5733 plura
1068 5659 1145 5710 non
1173 5643 1230 5710 est
1256 5632 1391 5711 dicere.
