4210 6598
1054 682 1266 758 ..50-

413 895 480 973 lib.
509 896 581 970 III.
611 894 750 997 elegias
778 905 992 997 componat,
1019 894 1257 996 Propertium
1284 893 1451 996 exponit,
1480 903 1681 996 postquam
1707 893 1831 969 medio
1857 892 1899 968 in

413 1037 571 1138 prologo
588 1037 755 1138 Augusti
781 1037 914 1116 laudes
940 1036 1105 1118 brevitor
1119 1047 1345 1138 prosecutus
1368 1046 1479 1131 asum,
1498 1035 1690 1137 rogavisse
1708 1047 1901 1138 praeterea

412 1195 457 1257 nt
481 1207 525 1258 es
553 1179 640 1275 sibi,
668 1179 761 1260 uilia
788 1179 895 1261 relut
923 1189 1023 1276 tura,
1043 1179 1194 1264 interior
1222 1179 1318 1260 satie
1349 1178 1515 1272 baberet,
1539 1178 1755 1280 poll-iritum
1775 1206 1822 1260 se
1849 1178 1900 1253 od

412 1350 510 1418 eum,
532 1335 698 1399 extrema
724 1333 858 1416 aetate,
881 1334 963 1398 tum
986 1320 1195 1398 rediturum
1209 1348 1296 1397 cum
1311 1321 1476 1422 puellam
1498 1320 1588 1398 setis
1603 1321 1801 1398 cecinisset
1818 1321 1902 1424 fita·

412 1493 487 1568 que
504 1495 568 1542 vu.
592 1469 671 1542 7⁴8.
698 1477 786 1567 post
800 1493 841 1544 u.
872 1465 935 1544 20.
952 1465 1170 1565 transponit
1195 1464 1256 1550 ait
1274 1463 1436 1568 claruet.
1464 1464 1505 1546 is
1529 1464 1679 1566 epilogo
1703 1491 1792 1550 veta
1808 1463 1901 1546 turi

411 1610 473 1714 (el.
496 1609 593 1714 bt),
610 1622 807 1710 tamquam
823 1606 898 1689 lmo
924 1607 1038 1690 susm
1065 1635 1106 1688 se
1127 1606 1377 1708 promissione
1396 1620 1677 1710 exemptarum,
1696 1607 1901 1714 byueeum

412 1755 589 1849 amioum,
618 1752 759 1854 quippe
781 1752 835 1828 ad
855 1751 1006 1852 opticeat
1033 1751 1156 1853 magis
1179 1750 1374 1847 idoneum,
1397 1752 1451 1832 nd
1475 1751 1518 1836 id
1537 1752 1737 1834 metune.

465 1897 769 1990 timuerimus,
798 1893 1081 1994 munorum
1109 1893 1279 1996 suumin
1302 1893 1393 1977 libri
1421 1895 1624 2000 archetypi
1654 1895 1730 1978 sibi
1756 1895 1899 1988 offictm

410 2039 602 2140 epilogum
619 2037 688 2114 lib.
702 2036 755 2114 11.
770 2035 966 2118 restituero
983 2036 1037 2118 itu
1055 2048 1216 2118 conotus
1233 2047 1306 2118 ost:
1326 2037 1379 2114 Η.
1398 2037 1463 2134 ru,
1484 2041 1618 2118 21-26.
1637 2038 1691 2121 11.
1709 2038 1771 2134 10,
1789 2039 1898 2118 120.

411 2182 484 2262 111.
510 2185 550 2276 9,
575 2181 715 2258 14111οι
737 2179 810 2281 :qui
831 2189 965 2264 sutem
992 2205 1124 2262 remus
1151 2179 1199 2258 el.
1214 2183 1257 2260 a,
1275 2179 1344 2260 riu
1359 2179 1437 2263 111.
1464 2179 1600 2286 reliqui
1615 2191 1746 2264 essent
1766 2179 1898 2282 lbet.

412 2323 556 2426 59-60),
581 2321 785 2424 prologum
807 2347 891 2400 osse
918 2320 985 2400 lib.
1012 2320 1087 2401 HL

464 2467 723 2548 Lflurousuuo
760 2476 851 2566 post
886 2463 1068 2544 mltimum
1104 2462 1304 2544 discidium
1345 2465 1498 2566 scriptu,
1522 2491 1615 2566 ergo
1651 2465 1692 2548 iu
1715 2465 1899 2548 attimar

411 2607 477 2688 lib.
505 2605 790 2709 transponendo
815 2607 978 2684 uidetur.

463 2750 571 2828 ddum
596 2751 826 2830 ammaon
855 2749 992 2845 visum,
1017 2747 1085 2850 qui
1118 2775 1207 2828 oeno
1234 2760 1353 2830 totam
1381 2748 1517 2832 seriem
1542 2751 1760 2834 carminum
1794 2755 1897 2834 t-tt.

410 2894 482 2970 sub
509 2893 623 2968 linem
650 2892 718 2972 lib.
745 2892 819 2968 III.
847 2891 1074 2971 reiciendum
1101 2903 1241 2972 coutet.

464 3035 709 3112 Horremus
745 3034 979 3112 Kusurmus
1016 3033 1173 3111 traditos
1210 3046 1284 3112 tres
1311 3035 1453 3136 priores
1489 3034 1606 3112 libros
1633 3037 1672 3112 in
1701 3048 1895 3137 quattuor,

411 3177 616 3280 elegiarum
636 3203 805 3272 numero,
829 3177 905 3252 lere
923 3176 1099 3280 aequales
1118 3203 1206 3254 cum
1224 3177 1489 3274 distribuisset,
1510 3204 1555 3254 ex
1578 3176 1639 3254 ell.
1664 3182 1743 3275 1-9,
1766 3182 1896 3257 15-24.

410 3319 464 3397 11.
483 3320 571 3396 libri
598 3319 759 3394 alterum
788 3345 899 3394 sunm
918 3319 1067 3396 'librum
1086 3320 1301 3396 mensuit:
1319 3347 1372 3398 ex
1387 3319 1545 3422 reliquis
1571 3319 1739 3398 eiusdem
1766 3323 1897 3400 traditi

408 3463 498 3541 libri
526 3462 758 3540 carminibus
780 3461 888 3538 illius
910 3462 1047 3538 tertius
1072 3462 1230 3558 sustitit,
1246 3475 1458 3564 :praeeunte
1481 3477 1529 3539 ut
1555 3463 1811 3564 prooemiccb
1833 3466 1897 3541 1-0.

464 3604 496 3681 Ι.
526 3605 594 3681 IV.
623 3603 684 3700 V,
709 3631 759 3680 err
790 3603 1028 3680 Lachmanni
1056 3604 1340 3700 distributione,
1370 3603 1469 3682 solos
1504 3605 1622 3682 libros
1656 3607 1898 3708 Propertium

411 3749 578 3825 emisisse
596 3748 793 3826 sostendit
811 3747 907 3824 Aur.
928 3747 1106 3825 Murmur
1121 3745 1180 3851 '(¹·):
1199 3745 1346 3848 reliqua
1372 3775 1461 3824 uero
1482 3748 1668 3844 carmina,
1688 3748 1896 3826 amicorum

410 3890 679 3990 inscitio,‘post
705 3901 897 3965 mortuum
921 3890 1145 3990 postumio
1161 3916 1284 3966 unum
1309 3889 1379 3968 lib.
1399 3889 1595 3993 (traditum
1622 3891 1691 3994 Π.)
1714 3891 1899 3992 evulgata

410 4061 502 4128 esse,
534 4059 622 4108 cum
654 4031 888 4134 propositum
923 4031 1116 4133 Propertio
1144 4031 1280 4108 fuisset
1309 4033 1351 4108 in
1388 4033 1483 4110 duos
1515 4059 1602 4110 eum
1638 4033 1896 4110 discriminare

411 4187 498 4280 post
525 4175 572 4252 el.
603 4179 639 4250 9.

463 4317 517 4394 At
541 4318 633 4394 sutis
661 4315 784 4393 debis
802 4315 895 4393 baec
914 4317 963 4393 sit
989 4315 1081 4392 mibi
1100 4315 1252 4413 dixisse3
1276 4343 1404 4418 neque
1421 4341 1650 4420 quemquam
1669 4343 1693 4396 a
1711 4343 1770 4396 me
1790 4343 1896 4396 emo-

411 4474 540 4539 turum
567 4459 729 4556 conlido,
746 4471 794 4536 nrt
816 4459 1037 4560 siugulatim
1058 4459 1227 4536 refellam
1253 4485 1352 4561 quae
1379 4459 1562 4536 alucinati
1583 4432 1683 4536 suot
1709 4459 1781 4536 uiui
1810 4460 1897 4538 doc·

410 4604 560 4680 tissimi:
596 4602 814 4705 praesertim
837 4627 929 4678 ‚oum
961 4615 1176 4703 exemptum
1203 4629 1264 4680 me
1285 4601 1362 4678 unc
1389 4600 1502 4702 plane
1524 4613 1671 4703 putem,
1700 4602 1767 4704 qui
1800 4603 1896 4682 mul·

411 4757 492 4822 tom
525 4748 612 4842 iam,
647 4770 767 4822 meam
799 4745 871 4820 hac
902 4743 1055 4846 quidem
1085 4770 1202 4846 super
1230 4771 1270 4820 ne
1302 4743 1518 4845 opinionem
1547 4771 1782 4849 proponens,
1824 4746 1895 4823 sim

410 4889 642 4964 immoratus.
663 4887 840 4964 Oeterum
861 4887 988 4988 plura,
1017 4886 1140 4982 sis,·iu
1164 4885 1240 4962 boc
1259 4912 1282 4962 a
1299 4885 1593 4966 Pleischmanno
1614 4899 1721 4968 *mute
1746 4887 1896 4990 prolata

410 5031 590 5132 reperias,
628 5031 690 5106 cui
726 5029 861 5106 libenti
888 5028 1042 5130 quidem
1069 5027 1196 5104 animo
1232 5029 1417 5105 assentior
1442 5056 1542 5126 cum,
1576 5029 1773 5108 occasione
1805 5030 1896 5107 data

410 5173 457 5250 el.
488 5173 550 5248 10.
578 5173 645 5249 lib.
674 5174 726 5250 11.
754 5172 1001 5272 compositam
1035 5172 1276 5299 probaturus,
1303 5171 1403 5247 hanc
1430 5171 1593 5252 fateatur
1629 5173 1771 5276 legenti
1797 5173 1896 5253 illud

409 5316 560 5394 Horatii
588 5315 765 5394 carminis
793 5314 945 5392 initium
968 5313 1012 5392 in
1040 5323 1204 5393 mentem
1231 5313 1305 5394 sibi
1332 5313 1475 5394 uenire:
1501 5351 1517 5384 ι
1543 5316 1580 5394 N
1591 5341 1685 5396 unc
1717 5326 1792 5398 est
1819 5315 1896 5396 :bi-

464 5579 624 5593 —

461 5706 509 5788 (1)
532 5709 574 5768 ue
595 5708 626 5770 S.
648 5707 739 5784 Prop.
762 5705 823 5765 vita
844 5712 874 5766 et
895 5705 999 5766 libror.
1020 5705 1085 5766 ord.
1106 5704 1361 5781 temporisbusquc
1381 5734 1396 5749 ·
1416 5704 1535 5786 Lipsiae
1552 5704 1645 5766 1884.
