4210 6598
1009 647 1222 720 ...40-

529 825 601 902 Eu.
634 827 696 901 12.
725 869 778 880 -—

419 968 651 1069 Interrumpi
680 967 749 1044 hac
779 963 899 1068 elegia
926 966 1120 1042 historiam
1150 965 1289 1043 amoris
1316 967 1478 1043 asseruit
1505 965 1790 1068 Hertzbergius,
1818 963 1859 1068 (¹)

364 1111 470 1213 quod
501 1111 656 1212 quidem
692 1135 846 1211 prorsus
878 1109 1111 1186 contrarium
1143 1136 1224 1187 esse
1253 1136 1343 1186 mox
1375 1109 1457 1212 ipsc
1493 1108 1714 1211 Propertius
1749 1107 1859 1186 nobis

369 1253 482 1354 plane
510 1252 697 1329 suadebit.

528 1413 600 1488 En.
632 1414 692 1488 13.
722 1455 774 1468 -

418 1556 573 1632 Novum
601 1579 751 1629 carmen
779 1552 945 1652 incipere
972 1563 1058 1654 post
1085 1580 1123 1629 v.
1155 1555 1216 1666 lli.
1244 1552 1355 1628 duxit
1380 1550 1666 1646 Lachmannus‚
1694 1559 1793 1653 post.
1819 1571 1856 1624 v.

366 1700 430 1772 42.
450 1695 733 1796 Hertzbergius:
754 1693 1052 1798 quaeuer0,1vel
1072 1703 1226 1796 propter
1251 1693 1470 1769 exteriorem
1489 1691 1667 1769 carminis
1694 1701 1858 1768 structu·

365 1866 446 1915 ram
474 1836 584 1912 nihili
602 1863 682 1914 esse
709 1835 884 1912 facienda
901 1835 950 1912 ab
969 1835 1051 1937 ipso
1070 1847 1183 1937 poeta
1209 1835 1400 1912 docemur.
1420 1834 1561 1929 Primo,
1580 1832 1684 1934 quod
1708 1860 1744 1908 v.
1763 1831 1858 1936 (172)

616 2021 635 2058 ι
659 1995 919 2080 Quandocumque
941 1995 1039 2082 igitur
1060 1997 1179 2062 nostros
1201 2013 1284 2062 mers
1305 1993 1430 2061 claudet
1452 1993 1563 2061 ocellos
1586 2019 1605 2055 »

362 2142 418 2217 ita
444 2141 558 2244 plane
584 2123 899 2244 praecedentibus
927 2138 977 2214 sit
998 2123 1170 2255 conexus
1197 2148 1241 2215 ut
1268 2165 1306 2216 v.
1338 2143 1385 2214 17
1414 2138 1461 2215 01.
1492 2142 1528 2212 8:

614 2343 633 2380 ι
657 2316 707 2384 Sic
729 2316 826 2406 igitur
847 2316 947 2402 prima
970 2315 1096 2382 moriere
1118 2317 1231 2395 001010,
1255 2315 1420 2401 Properti?
1443 2341 1462 2378 ›

364 2474 465 2537 etv.
496 2463 559 2536 37.
588 2457 635 2535 01.
667 2461 702 2533 9:

613 2641 632 2678 ι
655 2615 756 2697 Nunc,
779 2615 924 2700 quoniam
947 2615 1008 2682 ista
1029 2614 1087 2681 tibi
1109 2615 1227 2700 placuit
1249 2615 1411 2696 sententia,
1435 2565 1540 2682 cedam
1565 2640 1583 2677 s

360 2779 408 2856 de
434 2778 576 2880 quibus
602 2778 679 2854 iam
705 2790 763 2854 est
789 2776 947 2874 dictu1n;
977 2777 1195 2879 praesertim
1224 2805 1313 2854 vem
1341 2789 1385 2854 ut
1413 2805 1450 2853 v.
1482 2783 1544 2854 ll.
1573 2775 1621 2854 el.
1654 2780 1687 2852 1:

611 2979 630 3016 ι
653 2953 913 3039 Quandocumque
935 2953 1033 3040 igitur
1055 2955 1153 3020 vitam
1176 2973 1245 3022 mea
1269 2955 1335 3022 lata
1358 2955 1555 3040 reposcent»

359 3141 472 3216 quem
500 3115 671 3192 cumdem
701 3113 857 3190 omuino
884 3126 1000 3215 atquc
1025 3112 1135 3191 illum
1163 3141 1244 3192 esse
1263 3142 1373 3192 nemo
1400 3125 1458 3192 est
1484 3115 1579 3216 quin
1607 3113 1849 3216 perspexerit.

359 3257 517 3354 Deinde,
546 3256 595 3333 ad
621 3284 661 3370 0.
690 3259 754 3332 43.
782 3256 886 3358 quod
913 3256 1063 3353 attinet,
1091 3256 1196 3358 quod
1232 3258 1447 3358 frequentes
1474 3283 1563 3334 cum
1591 3255 1686 3334 tales
1722 3282 1852 3333 occur·
1883 3336 1890 3350 ,

358 3409 447 3475 0001
474 3399 658 3475 transitus
685 3397 818 3474 mediis
851 3397 892 3473 in
928 3399 1163 3475 carminibus
1190 3399 1376 3501 Propertii
1403 3398 1465 3503 (cst
1494 3399 1527 3476 1.
1559 3404 1620 3494 11,
1652 3402 1688 3474 9.
1718 3442 1770 3456 -·
1797 3397 1850 3473 11.

358 3545 395 3638 9,
425 3544 490 3617 47.
518 3585 572 3600 -
601 3545 663 3636 14,
695 3543 757 3616 15.
787 3586 840 3600 -
869 3543 931 3638 15,
961 3543 1026 3618 25.
1054 3587 1107 3599 -
1138 3546 1199 3638 16,
1232 3547 1294 3638 19,
1322 3586 1376 3600 -
1404 3545 1467 3637 33,
1497 3541 1552 3645 3.)
1584 3539 1694 3618 nulla
1730 3539 1852 3641 elegia

355 3711 380 3759 a
405 3682 532 3761 verbis
558 3695 666 3783 atquc
693 3685 835 3758 atinam
861 3682 1091 3784 principium
1125 3683 1263 3787 capiat.
1292 3729 1345 3740 —-
1372 3684 1448 3761 Sed
1475 3693 1681 3785 antequam
1713 3683 1764 3759 ad
1796 3682 1851 3758 iu·

355 3825 529 3900 teriorcm
557 3823 735 3900 carminis
771 3807 998 3905 seutentiam
1034 3824 1173 3902 accedo
1209 3824 1459 3922 tractandam,
1494 3823 1676 3926 quoniam
1710 3828 1850 3926 postre-

355 3993 462 4043 mum
489 3965 686 4067 attigimus
713 3990 842 4042 corum
870 3992 969 4066 quae
995 3968 1291 4070 corruptissima,
1317 3968 1457 4044 iniuria
1484 3965 1675 4068 temporis,
1701 3967 1751 4042 ad
1778 3993 1848 4042 nos

355 4108 571 4212 pervenisse
599 4108 670 4184 sibi
698 4121 869 4185 suaserat
895 4109 1181 4207 Lachmannus;
1209 4111 1318 4187 iuvat
1343 4120 1442 4187 00100
1470 4110 1541 4186 1100
1572 4120 1768 4210 peractum
1795 4136 1850 4184 rc·

355 4251 509 4353 spicere,
538 4260 594 4344 ut,
621 4275 718 4350 quas
746 4251 992 4346 excussimus,
1011 4250 1217 4352 elegiarum
1246 4250 1444 4328 sententiis
1467 4227 1583 4328 simul
1611 4250 1743 4327 ordine
1766 4277 1849 4327 exa·

353 4391 520 4487 minatis,
549 4417 598 4467 an
626 4391 716 4467 huic
744 4418 831 4467 cum
869 4391 945 4468 illis
971 4393 1178 4494 quicquam
1206 4393 1256 4469 sit
1289 4372 1497 4488 videamus,
1525 4391 1629 4494 quod
1665 4403 1748 4469 tum
1775 4393 1847 4493 ipsi

354 4533 402 4611 01.
437 4531 707 4630 enucleandae,
745 4543 827 4609 tum
862 4559 944 4610 mco
981 4533 1144 4635 denique
1178 4522 1370 4637 proposito
1404 4533 1602 4636 probando
1643 4532 1844 4610 conducat.

355 4673 463 4767 Quae
489 4675 644 4776 quidem
671 4675 798 4777 opinio
826 4701 910 4752 mea
937 4675 987 4750 sit
1014 4674 1061 4751 de
1081 4675 1327 4776 dispositione
1354 4676 1566 4752 carminum
1591 4676 1846 4777 propertiano·

352 4845 450 4914 rum,
478 4818 554 4894 iam
582 4829 671 4895 ante
698 4818 867 4918 exposui,
904 4844 1039 4921 nempe
1067 4817 1195 4895 codem
1233 4844 1310 4920 quo
1347 4844 1452 4894 nunc
1479 4818 1664 4894 habemus
1700 4818 1843 4915 ordine,

351 4969 466 5064 prout
492 4959 722 5037 vexatissimi
751 4960 889 5037 amoris
923 4961 1065 5038 ferrent
1095 4961 1389 5072 vicissitudines,
1417 4959 1527 5038 nulla
1561 4961 1639 5037 alia
1673 4961 1845 5038 adhibita

351 5102 509 5197 0011000,
537 5115 689 5180 exarata
717 5130 740 5179 a
767 5114 878 5204 poeta
905 5103 1031 5178 fuisse:
1060 5104 1115 5177 ita
1133 5113 1188 5199 ut,
1210 5129 1332 5179 vacua
1357 5113 1485 5180 mente
1512 5101 1746 5180 carminibus
1764 5131 1844 5206 pcr-

349 5244 470 5340 lectis,
504 5243 672 5345 ipsarum
709 5244 846 5321 amoris
884 5243 1189 5321 vicissitudinum
1223 5246 1334 5348 gnari
1370 5272 1450 5322 esse
1490 5244 1690 5347 possimus.
1728 5245 1842 5338 Quod

404 5668 453 5749 (1)
476 5671 590 5731 Hsarz.
612 5671 664 5730 lib.
687 5671 766 5743 1111,
787 5689 851 5748 cap.
873 5673 911 5732 11.
933 5691 961 5749 p.
983 5671 1052 5732 218.
