4258 6602
1066 703 1275 776 ...58-

428 914 525 990 sive
544 915 683 990 etiem
703 914 915 990 universi
934 913 1176 990 cuiusdam
1200 910 1380 1014 populi.
1401 909 1533 1005 Quod
1553 925 1706 994 autem
1727 912 1911 990 libellus

426 1055 666 1159 singulum
704 1057 767 1133 sit
802 1083 1005 1149 carmen,
1044 1054 1229 1132 nullum
1266 1067 1393 1133 uerte
1424 1055 1701 1160 exemplum
1733 1055 1911 1132 afferri

423 1227 577 1302 posse,
606 1211 747 1302 etque
778 1199 917 1276 etiam
949 1224 1230 1301 repugnare
1257 1197 1433 1274 rationi
1465 1197 1633 1278 videri.
1661 1243 1713 1257 -

725 1573 847 1633 Mittere
866 1572 905 1632 ad
926 1573 1003 1632 huno
1022 1588 1156 1645 eumen,
1177 1572 1296 1634 frondes
1316 1579 1382 1635 erat
1400 1573 1511 1634 addere
1530 1572 1632 1634 silvias

765 1672 847 1730 Haeo
868 1669 943 1729 mihi
964 1670 1120 1730 ournotandi
1141 1687 1241 1742 eausa,
1261 1669 1384 1744 Severe,
1405 1671 1462 1736 fuit
1483 1714 1492 1732 .
1513 1715 1521 1732 .
1543 1713 1551 1732 .
1600 1753 1608 1760 ..

722 1766 768 1829 Da
789 1768 908 1827 veniam
931 1767 1020 1840 lasso,
1041 1768 1148 1828 studiis
1168 1784 1284 1845 quoque
1304 1767 1388 1830 iruna
1409 1768 1524 1841 remisi,

759 1867 885 1926 Ducitur
904 1871 935 1926 et
954 1865 1058 1943 digitis
1081 1867 1185 1926 littera
1205 1884 1275 1927 rara
1297 1867 1384 1930 meis,
1432 1945 1467 2008 lb
1498 1945 1541 2010 Ν
1572 1946 1639 2020 ²¹

1468 1989 1478 2010 .
1543 1991 1552 2011 .
1588 2009 1590 2018 ,
1663 1963 1727 2024 sqq.

603 2045 633 2105 11
666 2043 701 2125 α)
721 2045 778 2116 Qui
800 2043 888 2105 modo
907 2041 1037 2104 Nasonis
1058 2041 1209 2106 lueremus
1229 2043 1358 2122 quinque
1380 2045 1478 2106 libelli

696 2163 697 2168 ¹
765 2142 840 2202 Tres
859 2159 975 2202 sumus:
997 2147 1075 2204 eto·

1461 2223 1732 2302 Am.lipigr.1·2

670 2319 701 2401 b)
722 2321 772 2381 Sio
793 2338 850 2398 ego
869 2337 927 2382 nou
948 2321 1072 2380 meritos
1093 2337 1210 2381 merum
1231 2320 1364 2399 peritura
1386 2321 1503 2381 libellos
1524 2319 1563 2402 (¹)

761 2419 893 2496 imposui
915 2419 1028 2496 rapidis
1049 2419 1165 2480 viscere
1187 2425 1288 2480 nostra
1309 2419 1392 2496 rogis
1413 2462 1422 2480 .
1443 2462 1481 2481 ..

719 2517 783 2578 Hos
803 2534 918 2594 quoque
938 2535 991 2577 sex
1012 2523 1127 2590 versus,
1149 2517 1179 2576 in
1200 2517 1291 2595 primi
1313 2516 1410 2577 ironte
1433 2517 1530 2577 libelli

760 2615 794 2675 Si
814 2615 1036 2693 praeponendos
1055 2633 1120 2675 essa
1140 2615 1268 2693 putabis,
1289 2615 1379 2676 habe:

722 2739 738 2774 ι
759 2714 839 2774 Orba
860 2718 981 2790 parente
1001 2729 1055 2774 suo
1074 2711 1252 2790 quicumque
1272 2713 1428 2774 uolumina
1449 2713 1558 2791 tangis,

761 2813 817 2872 His
837 2811 944 2872 saltem
966 2817 1068 2871 vestra
1088 2811 1175 2871 detur
1195 2812 1226 2871 in
1247 2809 1329 2872 Urbe
1349 2811 1433 2872 loeus
1452 2817 1508 2873 eto.
1530 2827 1547 2864 e

1275 2892 1284 2910 '
1393 2909 1486 2972 unsa
1508 2909 1532 2972 1.
1552 2911 1581 2984 τ,
1603 2911 1642 2972 m
1661 2929 1724 2990 sqq.

668 3007 699 3088 e)
720 3008 807 3070 Neve
826 3008 932 3085 quibus
952 3007 1094 3079 scribam,
1115 3008 1211 3086 possis
1232 3008 1378 3081 dubitare,
1401 3009 1526 3082 libellos,
1546 3007 1586 3091 (1)

760 3107 907 3178 Quattuor
926 3105 980 3166 hos
1001 3123 1107 3166 versus
1127 3123 1144 3166 e
1165 3105 1264 3166 tribue
1284 3123 1359 3168 unus
1379 3106 1468 3168 habet
1489 3150 1498 3169 .
1518 3149 1527 3168 .
1548 3149 1558 3170 .
1647 3185 1649 3190 ,

1499 3206 1543 3267 Ib.
1564 3206 1604 3268 11.
1624 3205 1728 3270 2456.

667 3303 704 3383 d)
727 3303 790 3364 Seu
809 3320 865 3380 ego
884 3303 1042 3363 Fastorum
1064 3301 1172 3380 scripsi
1193 3301 1374 3380 totidemque
1395 3303 1522 3376 libellos,

759 3401 892 3478 Cumque
912 3419 966 3462 suo
986 3399 1076 3461 finem
1099 3417 1201 3461 mense
1221 3401 1361 3462 uolumen
1381 3402 1479 3462 habet.

1480 3481 1524 3544 ib.
1545 3483 1584 3544 11.
1604 3482 1728 3547 549-50.

666 3578 697 3660 e)
717 3581 854 3656 Quosque
874 3578 956 3656 legat
976 3595 1081 3640 versus
1102 3577 1189 3640 oculo
1208 3584 1385 3658 properante
1405 3580 1515 3654 viator,

758 3677 928 3738 Grandibus
949 3676 1081 3737 intituli
1103 3691 1255 3738 marmore
1275 3677 1365 3737 caedo
1385 3677 1463 3738 notis
1484 3720 1493 3739 .
1517 3720 1554 3741 ..

718 3777 783 3836 Hoo
803 3775 878 3835 satis
898 3774 930 3834 in
950 3773 1040 3835 titulo
1059 3780 1115 3835 est.
1135 3773 1254 3835 Etenim
1276 3773 1392 3835 maiora
1415 3775 1513 3836 libelli
1531 3774 1572 3858 (³)

759 3873 798 3933 Et
818 3873 956 3932 diuturna
979 3871 1076 3948 magis
1096 3877 1166 3932 sunt
1186 3872 1368 3932 monimenta
1389 3873 1475 3945 mihi,
1607 3919 1611 3926 .

718 3971 798 4042 Quos
818 3987 875 4047 ago
895 3967 1021 4041 confido,
1041 3969 1180 4046 quamvis
1200 3986 1336 4042 nocuere,
1357 3970 1479 4032 daturos

760 4068 878 4128 Nomen
898 4073 929 4127 et
948 4067 1063 4128 auctori
1085 4073 1220 4145 tempora
1241 4067 1331 4145 longa
1351 4085 1414 4129 suo.
1607 4117 1609 4122 ,

1412 4149 1456 4210 lb.
1477 4150 1531 4211 111.
1551 4151 1581 4224 3,
1601 4151 1638 4212 71
1661 4169 1727 4230 sqq.

667 4246 701 4326 s)
722 4245 861 4306 Forsitan
881 4243 1029 4322 exemplo,
1049 4245 1118 4322 quia
1139 4261 1188 4306 me
1208 4244 1322 4306 laesere
1344 4245 1448 4318 libelli,

761 4343 808 4403 Tu
829 4359 944 4420 quoque
963 4342 1006 4403 sis
1026 4359 1137 4420 poenae
1157 4341 1198 4422 (1)
1218 4342 1297 4404 faeta
1317 4349 1418 4406 seeutu
1440 4361 1533 4408 meae.

1487 4427 1532 4489 lb.
1553 4428 1607 4502 111,
1628 4428 1656 4501 7,
1677 4430 1726 4491 27.

663 4523 699 4604 p)
720 4525 775 4584 Est
794 4522 864 4600 iuga
885 4523 964 4584 diota
987 4522 1072 4594 mihi,
1091 4539 1149 4582 non
1170 4529 1216 4583 est
1236 4520 1306 4600 iuga
1326 4522 1405 4584 diota
1428 4524 1548 4597 libellis,

761 4621 818 4693 Qui
839 4621 953 4682 domini
974 4637 1098 4698 poenam
1120 4637 1178 4680 non
1199 4637 1336 4682 meruere
1355 4621 1412 4682 sui.

1469 4702 1513 4764 lb.
1534 4703 1589 4765 ΙΙΙ.
1611 4703 1658 4778 11,
1680 4706 1729 4768 17.

665 4781 700 4863 n)
724 4783 800 4843 Tres
819 4782 895 4842 mihi
916 4787 985 4843 sunt
1004 4782 1073 4842 nati
1092 4781 1230 4859 contagia
1250 4787 1351 4866 nostra
1373 4781 1466 4842 secuti
1487 4827 1495 4844 .
1516 4826 1525 4843 .
1548 4826 1557 4844 .

719 4881 795 4941 Sunt
814 4898 929 4957 quoque
949 4887 1080 4940 mutatae
1101 4889 1148 4940 ter
1167 4881 1300 4958 pur'nque
1320 4881 1475 4940 uolumina
1495 4880 1611 4942 formae
1631 4925 1639 4944 .
1662 4927 1671 4944 .
1692 4926 1701 4944 .

718 4979 784 5038 Hoo
804 4995 918 5055 quoque
938 4977 1039 5039 neseio
1058 4978 1129 5055 quid
1151 4975 1189 5058 (1)
1212 4977 1323 5038 nostris
1343 4995 1456 5056 appone
1478 4979 1600 5040 libellis.

1327 5074 1370 5136 lb.
1391 5076 1445 5137 111.
1468 5075 1516 5149 14,
1537 5077 1585 5150 17,
1608 5078 1656 5152 19,
1676 5078 1726 5140 25.

663 5176 690 5254 i)
711 5176 797 5234 Hune
818 5191 932 5252 quoque
952 5173 989 5234 de
1008 5174 1123 5246 Getico,
1143 5173 1238 5236 nostri
1259 5171 1400 5246 studiose,
1424 5174 1560 5235 libellum

755 5273 859 5332 Litore
880 5271 1054 5350 praemissis
1075 5279 1223 5350 quattuor
1242 5271 1317 5334 adde
1338 5259 1424 5332 meis.

1483 5353 1528 5426 lb,
1548 5354 1587 5418 V.
1608 5354 1637 5428 1,
1658 5354 1725 5416 1-2.

472 5469 502 5523 (1)
518 5465 697 5522 Metumorph
702 5478 801 5510 ssssss

472 5539 503 5595 (li
518 5541 565 5582 Anu
570 5551 661 5582 ooooo

469 5609 499 5666 (3)
514 5611 598 5652 Mirum
611 5621 680 5666 quum
693 5610 794 5666 captiose
807 5610 895 5653 nitatur
907 5609 1067 5656 ltotbstainius
1081 5607 1104 5666 (l.
1114 5621 1134 5654 e.
1148 5608 1194 5654 vol.
1205 5609 1234 5654 ll.
1244 5610 1268 5654 in
1282 5625 1295 5650 ι
1308 5608 1431 5666 Anhang
1442 5609 1464 5666 ι)
1480 5612 1506 5655 ut
1519 5609 1601 5668 prolrst
1615 5611 1657 5657 hos
1671 5611 1798 5669 exemplmn
1813 5609 1904 5656 minim·

417 5683 440 5726 in
454 5680 518 5752 illum
533 5682 646 5737 Propertii
659 5680 733 5726 lorum
746 5693 880 5737 congruere.

472 5753 501 5808 (t)
517 5753 639 5797 Tristis.
