<?xml version="1.0" encoding="UTF-8"?>
<!DOCTYPE html PUBLIC "-//W3C//DTD XHTML 1.0 Transitional//EN"
    "http://www.w3.org/TR/xhtml1/DTD/xhtml1-transitional.dtd">
<html xmlns="http://www.w3.org/1999/xhtml" xml:lang="en" lang="en">
 <head>
  <title>
</title>
<meta http-equiv="Content-Type" content="text/html;charset=utf-8" />
  <meta name='ocr-system' content='tesseract 3.04.00' />
  <meta name='ocr-capabilities' content='ocr_page ocr_carea ocr_par ocr_line ocrx_word'/>
</head>
<body>
  <div class='ocr_page' id='page_1' title='image "./quaestionesprop00elisgoog_0057.png"; bbox 0 0 4210 6598; ppageno 0'>
   <div class='ocr_carea' id='block_1_1' title="bbox 1021 599 1231 672">
    <p class='ocr_par' dir='ltr' id='par_1_1' title="bbox 1021 599 1231 672">
     <span class='ocr_line' id='line_1_1' title="bbox 1021 599 1231 672; baseline -0.005 -17"><span class='ocrx_word' id='word_1_1' title='bbox 1021 599 1231 672; x_wconf 65' lang='lat'><strong>„52-</strong></span> 
     </span>
    </p>
   </div>
   <div class='ocr_carea' id='block_1_2' title="bbox 598 917 1648 996">
    <p class='ocr_par' dir='ltr' id='par_1_2' title="bbox 598 917 1648 996">
     <span class='ocr_line' id='line_1_2' title="bbox 598 917 1648 996; baseline -0.001 -3"><span class='ocrx_word' id='word_1_2' title='bbox 598 917 666 996; x_wconf 92' lang='lat' dir='ltr'><strong>IV.</strong></span> <span class='ocrx_word' id='word_1_3' title='bbox 694 919 755 996; x_wconf 83' lang='lat' dir='ltr'><strong>Dr</strong></span> <span class='ocrx_word' id='word_1_4' title='bbox 783 941 919 995; x_wconf 77' lang='lat' dir='ltr'><strong>rearis</strong></span> <span class='ocrx_word' id='word_1_5' title='bbox 947 917 1178 995; x_wconf 79' lang='lat' dir='ltr'><strong>Lacnusnm</strong></span> <span class='ocrx_word' id='word_1_6' title='bbox 1204 940 1562 994; x_wconf 80' lang='lat' dir='ltr'><strong>sscuuurrrrrons.</strong></span> <span class='ocrx_word' id='word_1_7' title='bbox 1595 961 1648 972; x_wconf 94' lang='lat'><em>-</em></span> 
     </span>
    </p>
   </div>
   <div class='ocr_carea' id='block_1_3' title="bbox 382 1125 1874 1518">
    <p class='ocr_par' dir='ltr' id='par_1_3' title="bbox 382 1125 1874 1518">
     <span class='ocr_line' id='line_1_3' title="bbox 438 1125 1874 1233; baseline -0.007 -23"><span class='ocrx_word' id='word_1_8' title='bbox 438 1132 512 1210; x_wconf 88' lang='lat' dir='ltr'><strong>Sed</strong></span> <span class='ocrx_word' id='word_1_9' title='bbox 541 1133 710 1209; x_wconf 91' lang='lat' dir='ltr'><strong>omnium</strong></span> <span class='ocrx_word' id='word_1_10' title='bbox 737 1131 980 1233; x_wconf 88' lang='lat' dir='ltr'><strong>praecipuum</strong></span> <span class='ocrx_word' id='word_1_11' title='bbox 1001 1142 1281 1232; x_wconf 79' lang='lat' dir='ltr'><strong>argumentum,</strong></span> <span class='ocrx_word' id='word_1_12' title='bbox 1310 1128 1419 1204; x_wconf 90' lang='lat' dir='ltr'><strong>cuius</strong></span> <span class='ocrx_word' id='word_1_13' title='bbox 1436 1125 1718 1204; x_wconf 84' lang='lat' dir='ltr'><strong>communiendi</strong></span> <span class='ocrx_word' id='word_1_14' title='bbox 1745 1125 1874 1227; x_wconf 87' lang='lat' dir='ltr'><strong>gratia</strong></span> 
     </span>
     <span class='ocr_line' id='line_1_4' title="bbox 383 1268 1873 1378; baseline -0.005 -27"><span class='ocrx_word' id='word_1_15' title='bbox 383 1287 507 1352; x_wconf 89' lang='lat' dir='ltr'><strong>cetera</strong></span> <span class='ocrx_word' id='word_1_16' title='bbox 539 1275 744 1378; x_wconf 85' lang='lat' dir='ltr'><strong>perquisita</strong></span> <span class='ocrx_word' id='word_1_17' title='bbox 781 1276 988 1352; x_wconf 88' lang='lat' dir='ltr'><strong>tenendum</strong></span> <span class='ocrx_word' id='word_1_18' title='bbox 1016 1285 1083 1365; x_wconf 90' lang='lat' dir='ltr'><strong>est,</strong></span> <span class='ocrx_word' id='word_1_19' title='bbox 1109 1297 1341 1375; x_wconf 88' lang='lat' dir='ltr'><strong>quamquam</strong></span> <span class='ocrx_word' id='word_1_20' title='bbox 1374 1271 1415 1348; x_wconf 92' lang='lat' dir='ltr'><strong>id</strong></span> <span class='ocrx_word' id='word_1_21' title='bbox 1442 1271 1591 1348; x_wconf 86' lang='lat' dir='ltr'><strong>silentio</strong></span> <span class='ocrx_word' id='word_1_22' title='bbox 1626 1268 1873 1346; x_wconf 87' lang='lat' dir='ltr'><strong>dissimulant</strong></span> 
     </span>
     <span class='ocr_line' id='line_1_5' title="bbox 382 1414 1709 1518; baseline -0.004 -25"><span class='ocrx_word' id='word_1_23' title='bbox 382 1417 606 1518; x_wconf 88' lang='lat' dir='ltr'><strong>omnesqui</strong></span> <span class='ocrx_word' id='word_1_24' title='bbox 634 1417 725 1493; x_wconf 84' lang='lat' dir='ltr'><strong>talia</strong></span> <span class='ocrx_word' id='word_1_25' title='bbox 752 1418 955 1512; x_wconf 82' lang='lat' dir='ltr'>coniecere,</span> <span class='ocrx_word' id='word_1_26' title='bbox 982 1415 1080 1492; x_wconf 88' lang='lat' dir='ltr'><strong>illud</strong></span> <span class='ocrx_word' id='word_1_27' title='bbox 1107 1427 1165 1492; x_wconf 89' lang='lat' dir='ltr'><strong>est</strong></span> <span class='ocrx_word' id='word_1_28' title='bbox 1191 1416 1349 1492; x_wconf 91' lang='lat' dir='ltr'><strong>ductum</strong></span> <span class='ocrx_word' id='word_1_29' title='bbox 1376 1442 1400 1491; x_wconf 89' lang='lat' dir='ltr'><strong>a</strong></span> <span class='ocrx_word' id='word_1_30' title='bbox 1426 1414 1479 1490; x_wconf 90' lang='lat'><strong>11.</strong></span> <span class='ocrx_word' id='word_1_31' title='bbox 1511 1417 1573 1511; x_wconf 86' lang='lat'><strong>13,</strong></span> <span class='ocrx_word' id='word_1_32' title='bbox 1603 1415 1709 1489; x_wconf 82' lang='lat'>25-6:</span> 
     </span>
    </p>
   </div>
   <div class='ocr_carea' id='block_1_4' title="bbox 634 1643 1570 1840">
    <p class='ocr_par' dir='ltr' id='par_1_4' title="bbox 634 1643 1570 1840">
     <span class='ocr_line' id='line_1_6' title="bbox 634 1643 1570 1733; baseline 0 -24"><span class='ocrx_word' id='word_1_33' title='bbox 634 1672 652 1709; x_wconf 69' lang='grc' dir='ltr'><strong><em>ι</em></strong></span> <span class='ocrx_word' id='word_1_34' title='bbox 673 1646 731 1716; x_wconf 81' lang='lat' dir='ltr'><strong>aar</strong></span> <span class='ocrx_word' id='word_1_35' title='bbox 753 1667 822 1714; x_wconf 86' lang='lat' dir='ltr'><strong>mea</strong></span> <span class='ocrx_word' id='word_1_36' title='bbox 845 1647 886 1714; x_wconf 91' lang='lat' dir='ltr'><strong>sit</strong></span> <span class='ocrx_word' id='word_1_37' title='bbox 908 1665 1022 1732; x_wconf 83' lang='lat' dir='ltr'><strong>magna</strong></span> <span class='ocrx_word' id='word_1_38' title='bbox 1044 1648 1086 1733; x_wconf 87' lang='lat'><strong>(¹)</strong></span> <span class='ocrx_word' id='word_1_39' title='bbox 1108 1647 1135 1714; x_wconf 89' lang='lat' dir='ltr'><strong>si</strong></span> <span class='ocrx_word' id='word_1_40' title='bbox 1158 1651 1223 1712; x_wconf 83' lang='lat' dir='ltr'><strong>tres</strong></span> <span class='ocrx_word' id='word_1_41' title='bbox 1242 1647 1305 1713; x_wconf 88' lang='lat' dir='ltr'><strong>sint</strong></span> <span class='ocrx_word' id='word_1_42' title='bbox 1327 1665 1438 1732; x_wconf 87' lang='lat' dir='ltr'><strong>pompa</strong></span> <span class='ocrx_word' id='word_1_43' title='bbox 1461 1643 1570 1722; x_wconf 71' lang='lat' dir='ltr'><strong>tabelli,</strong></span> 
     </span>
     <span class='ocr_line' id='line_1_7' title="bbox 718 1752 1543 1840; baseline -0.008 -20"><span class='ocrx_word' id='word_1_44' title='bbox 718 1753 801 1837; x_wconf 78' lang='lat' dir='ltr'><strong>Quos</strong></span> <span class='ocrx_word' id='word_1_45' title='bbox 823 1772 880 1840; x_wconf 82' lang='lat' dir='ltr'><strong>ego</strong></span> <span class='ocrx_word' id='word_1_46' title='bbox 902 1753 1109 1838; x_wconf 78' lang='lat' dir='ltr'>Persephonae</span> <span class='ocrx_word' id='word_1_47' title='bbox 1132 1753 1266 1820; x_wconf 78' lang='lat' dir='ltr'><strong>maxima</strong></span> <span class='ocrx_word' id='word_1_48' title='bbox 1288 1752 1367 1820; x_wconf 83' lang='lat' dir='ltr'><strong>dona</strong></span> <span class='ocrx_word' id='word_1_49' title='bbox 1389 1752 1500 1818; x_wconf 85' lang='lat' dir='ltr'><strong>feram:</strong></span> <span class='ocrx_word' id='word_1_50' title='bbox 1524 1777 1543 1813; x_wconf 66' lang='lat' dir='ltr'><strong>s</strong></span> 
     </span>
    </p>
   </div>
   <div class='ocr_carea' id='block_1_5' title="bbox 284 1965 1871 3355">
    <p class='ocr_par' dir='ltr' id='par_1_5' title="bbox 381 1965 1871 2925">
     <span class='ocr_line' id='line_1_8' title="bbox 382 1965 1871 2069; baseline -0.002 -27"><span class='ocrx_word' id='word_1_51' title='bbox 382 1993 478 2067; x_wconf 90' lang='lat' dir='ltr'><strong>quos</strong></span> <span class='ocrx_word' id='word_1_52' title='bbox 505 1968 658 2068; x_wconf 90' lang='lat' dir='ltr'><strong>quidem</strong></span> <span class='ocrx_word' id='word_1_53' title='bbox 685 1992 818 2046; x_wconf 86' lang='lat' dir='ltr'><strong>versus</strong></span> <span class='ocrx_word' id='word_1_54' title='bbox 845 1993 923 2068; x_wconf 90' lang='lat' dir='ltr'><strong>uon</strong></span> <span class='ocrx_word' id='word_1_55' title='bbox 950 1979 1090 2069; x_wconf 87' lang='lat' dir='ltr'><strong>putant</strong></span> <span class='ocrx_word' id='word_1_56' title='bbox 1117 1965 1333 2042; x_wconf 90' lang='lat' dir='ltr'><strong>huiusmodi</strong></span> <span class='ocrx_word' id='word_1_57' title='bbox 1367 1965 1439 2040; x_wconf 86' lang='lat' dir='ltr'><strong>viri</strong></span> <span class='ocrx_word' id='word_1_58' title='bbox 1467 1965 1569 2041; x_wconf 91' lang='lat' dir='ltr'><strong>docti</strong></span> <span class='ocrx_word' id='word_1_59' title='bbox 1603 1965 1725 2040; x_wconf 90' lang='lat' dir='ltr'><strong>inesse</strong></span> <span class='ocrx_word' id='word_1_60' title='bbox 1757 1990 1871 2065; x_wconf 89' lang='lat' dir='ltr'><strong>posse</strong></span> 
     </span>
     <span class='ocr_line' id='line_1_9' title="bbox 382 2107 1871 2212; baseline 0 -28"><span class='ocrx_word' id='word_1_61' title='bbox 382 2109 456 2184; x_wconf 89' lang='lat' dir='ltr'><strong>nisi</strong></span> <span class='ocrx_word' id='word_1_62' title='bbox 482 2110 522 2186; x_wconf 91' lang='lat' dir='ltr'><strong>in</strong></span> <span class='ocrx_word' id='word_1_63' title='bbox 549 2109 947 2186; x_wconf 77' lang='lat' dir='ltr'><strong>111.1ibr0.ceterum</strong></span> <span class='ocrx_word' id='word_1_64' title='bbox 976 2110 1120 2212; x_wconf 90' lang='lat' dir='ltr'><strong>primus</strong></span> <span class='ocrx_word' id='word_1_65' title='bbox 1148 2109 1219 2186; x_wconf 92' lang='lat' dir='ltr'><strong>hoc</strong></span> <span class='ocrx_word' id='word_1_66' title='bbox 1242 2109 1462 2186; x_wconf 86' lang='lat' dir='ltr'><strong>indubium</strong></span> <span class='ocrx_word' id='word_1_67' title='bbox 1488 2109 1682 2184; x_wconf 89' lang='lat' dir='ltr'><strong>revocavit</strong></span> <span class='ocrx_word' id='word_1_68' title='bbox 1706 2107 1871 2184; x_wconf 86' lang='lat' dir='ltr'><strong>eximius</strong></span> 
     </span>
     <span class='ocr_line' id='line_1_10' title="bbox 382 2250 1870 2354; baseline -0.002 -27"><span class='ocrx_word' id='word_1_69' title='bbox 382 2252 447 2328; x_wconf 92' lang='lat' dir='ltr'><strong>ille</strong></span> <span class='ocrx_word' id='word_1_70' title='bbox 464 2251 572 2329; x_wconf 89' lang='lat' dir='ltr'>XVI.</span> <span class='ocrx_word' id='word_1_71' title='bbox 597 2278 694 2328; x_wconf 87' lang='lat' dir='ltr'><strong>saec.</strong></span> <span class='ocrx_word' id='word_1_72' title='bbox 714 2254 954 2354; x_wconf 88' lang='lat' dir='ltr'><strong>perturbator</strong></span> <span class='ocrx_word' id='word_1_73' title='bbox 975 2253 1186 2329; x_wconf 83' lang='lat' dir='ltr'><strong>carminum</strong></span> <span class='ocrx_word' id='word_1_74' title='bbox 1214 2251 1558 2353; x_wconf 83' lang='lat' dir='ltr'><strong>Propertianorum,</strong></span> <span class='ocrx_word' id='word_1_75' title='bbox 1577 2250 1610 2326; x_wconf 92' lang='grc' dir='ltr'><strong>Ι.</strong></span> <span class='ocrx_word' id='word_1_76' title='bbox 1630 2250 1870 2351; x_wconf 71' lang='lat' dir='ltr'><strong>scaligerum</strong></span> 
     </span>
     <span class='ocr_line' id='line_1_11' title="bbox 381 2393 1870 2499; baseline -0.003 -27"><span class='ocrx_word' id='word_1_77' title='bbox 381 2395 480 2491; x_wconf 90' lang='lat' dir='ltr'><strong>dico,</strong></span> <span class='ocrx_word' id='word_1_78' title='bbox 507 2422 620 2498; x_wconf 89' lang='lat' dir='ltr'><strong>quem</strong></span> <span class='ocrx_word' id='word_1_79' title='bbox 647 2400 854 2473; x_wconf 89' lang='lat' dir='ltr'><strong>ceterarum</strong></span> <span class='ocrx_word' id='word_1_80' title='bbox 881 2422 1034 2499; x_wconf 90' lang='lat' dir='ltr'><strong>quoque</strong></span> <span class='ocrx_word' id='word_1_81' title='bbox 1056 2396 1289 2498; x_wconf 88' lang='lat' dir='ltr'><strong>insequentis</strong></span> <span class='ocrx_word' id='word_1_82' title='bbox 1316 2395 1400 2472; x_wconf 89' lang='lat' dir='ltr'><strong>aevi</strong></span> <span class='ocrx_word' id='word_1_83' title='bbox 1424 2422 1494 2472; x_wconf 92' lang='lat' dir='ltr'><strong>neo</strong></span> <span class='ocrx_word' id='word_1_84' title='bbox 1521 2421 1599 2471; x_wconf 91' lang='lat' dir='ltr'><strong>nou</strong></span> <span class='ocrx_word' id='word_1_85' title='bbox 1626 2393 1870 2470; x_wconf 89' lang='lat' dir='ltr'><strong>Lachmanni</strong></span> 
     </span>
     <span class='ocr_line' id='line_1_12' title="bbox 382 2537 1870 2638; baseline 0.001 -27"><span class='ocrx_word' id='word_1_86' title='bbox 382 2538 581 2613; x_wconf 85' lang='lat' dir='ltr'><strong>turbarum</strong></span> <span class='ocrx_word' id='word_1_87' title='bbox 609 2549 803 2614; x_wconf 83' lang='lat' dir='ltr'><strong>auctorem</strong></span> <span class='ocrx_word' id='word_1_88' title='bbox 830 2537 968 2616; x_wconf 85' lang='lat' dir='ltr'><strong>babere</strong></span> <span class='ocrx_word' id='word_1_89' title='bbox 998 2538 1192 2614; x_wconf 90' lang='lat' dir='ltr'><strong>debemus.</strong></span> <span class='ocrx_word' id='word_1_90' title='bbox 1220 2537 1295 2614; x_wconf 85' lang='lat' dir='ltr'><strong>Sed</strong></span> <span class='ocrx_word' id='word_1_91' title='bbox 1321 2548 1528 2638; x_wconf 87' lang='lat' dir='ltr'><strong>antequam</strong></span> <span class='ocrx_word' id='word_1_92' title='bbox 1554 2537 1603 2613; x_wconf 88' lang='lat' dir='ltr'><strong>ad</strong></span> <span class='ocrx_word' id='word_1_93' title='bbox 1631 2547 1772 2612; x_wconf 85' lang='lat' dir='ltr'><strong>statum</strong></span> <span class='ocrx_word' id='word_1_94' title='bbox 1804 2562 1870 2612; x_wconf 85' lang='lat' dir='ltr'><strong>ve·</strong></span> 
     </span>
     <span class='ocr_line' id='line_1_13' title="bbox 381 2679 1869 2782; baseline 0 -28"><span class='ocrx_word' id='word_1_95' title='bbox 381 2679 544 2774; x_wconf 81' lang='lat' dir='ltr'><strong>ciamus,</strong></span> <span class='ocrx_word' id='word_1_96' title='bbox 564 2679 657 2756; x_wconf 88' lang='lat' dir='ltr'><strong>libet</strong></span> <span class='ocrx_word' id='word_1_97' title='bbox 679 2681 844 2758; x_wconf 90' lang='lat' dir='ltr'><strong>breviter</strong></span> <span class='ocrx_word' id='word_1_98' title='bbox 869 2681 1055 2782; x_wconf 86' lang='lat' dir='ltr'><strong>attingere</strong></span> <span class='ocrx_word' id='word_1_99' title='bbox 1071 2707 1182 2782; x_wconf 88' lang='lat' dir='ltr'><strong>quae,</strong></span> <span class='ocrx_word' id='word_1_100' title='bbox 1201 2680 1250 2758; x_wconf 90' lang='lat' dir='ltr'><strong>ad</strong></span> <span class='ocrx_word' id='word_1_101' title='bbox 1268 2679 1361 2758; x_wconf 90' lang='lat' dir='ltr'><strong>haec</strong></span> <span class='ocrx_word' id='word_1_102' title='bbox 1389 2679 1663 2782; x_wconf 90' lang='lat' dir='ltr'><strong>componenda,</strong></span> <span class='ocrx_word' id='word_1_103' title='bbox 1681 2680 1748 2781; x_wconf 92' lang='lat' dir='ltr'><strong>qui</strong></span> <span class='ocrx_word' id='word_1_104' title='bbox 1776 2689 1869 2754; x_wconf 86' lang='lat' dir='ltr'><strong>aute</strong></span> 
     </span>
     <span class='ocr_line' id='line_1_14' title="bbox 382 2822 1401 2925; baseline 0.007 -28"><span class='ocrx_word' id='word_1_105' title='bbox 382 2848 453 2897; x_wconf 90' lang='lat' dir='ltr'><strong>nos</strong></span> <span class='ocrx_word' id='word_1_106' title='bbox 480 2823 582 2899; x_wconf 79' lang='lat' dir='ltr'><strong>fuere</strong></span> <span class='ocrx_word' id='word_1_107' title='bbox 602 2822 831 2925; x_wconf 79' lang='lat' dir='ltr'><strong>interpretes</strong></span> <span class='ocrx_word' id='word_1_108' title='bbox 858 2825 1183 2925; x_wconf 86' lang='lat' dir='ltr'><strong>excogitaverunt.</strong></span> <span class='ocrx_word' id='word_1_109' title='bbox 1322 2895 1324 2898; x_wconf 95' lang='lat'><strong>.</strong></span> <span class='ocrx_word' id='word_1_110' title='bbox 1395 2893 1401 2904; x_wconf 63' lang='lat'><strong>.</strong></span> 
     </span>
    </p>

    <p class='ocr_par' dir='ltr' id='par_1_6' title="bbox 284 2964 1869 3072">
     <span class='ocr_line' id='line_1_15' title="bbox 284 2964 1869 3072; baseline 0.001 -34"><span class='ocrx_word' id='word_1_111' title='bbox 284 3065 286 3072; x_wconf 14' lang='lat' dir='ltr'>y</span> <span class='ocrx_word' id='word_1_112' title='bbox 436 2964 517 3040; x_wconf 87' lang='lat' dir='ltr'><strong>Iam</strong></span> <span class='ocrx_word' id='word_1_113' title='bbox 545 2976 634 3042; x_wconf 83' lang='lat' dir='ltr'><strong>aute</strong></span> <span class='ocrx_word' id='word_1_114' title='bbox 660 2965 953 3044; x_wconf 84' lang='lat' dir='ltr'><strong>Lachmannum</strong></span> <span class='ocrx_word' id='word_1_115' title='bbox 987 2979 1133 3063; x_wconf 86' lang='lat' dir='ltr'><strong>natum,</strong></span> <span class='ocrx_word' id='word_1_116' title='bbox 1160 2968 1409 3046; x_wconf 77' lang='lat' dir='ltr'><strong>Brounnsrus</strong></span> <span class='ocrx_word' id='word_1_117' title='bbox 1435 2967 1601 3068; x_wconf 89' lang='lat' dir='ltr'><strong>itemque</strong></span> <span class='ocrx_word' id='word_1_118' title='bbox 1627 2967 1869 3044; x_wconf 74' lang='lat' dir='ltr'><strong>Burmannus</strong></span> 
     </span>
    </p>

    <p class='ocr_par' dir='ltr' id='par_1_7' title="bbox 381 3108 1509 3355">
     <span class='ocr_line' id='line_1_16' title="bbox 381 3108 1509 3212; baseline 0.004 -30"><span class='ocrx_word' id='word_1_119' title='bbox 381 3133 531 3184; x_wconf 89' lang='lat' dir='ltr'><strong>carmen</strong></span> <span class='ocrx_word' id='word_1_120' title='bbox 559 3109 611 3184; x_wconf 92' lang='lat' dir='ltr'><strong>II.</strong></span> <span class='ocrx_word' id='word_1_121' title='bbox 635 3111 695 3186; x_wconf 78' lang='lat'><strong>13.</strong></span> <span class='ocrx_word' id='word_1_122' title='bbox 716 3135 761 3186; x_wconf 87' lang='lat' dir='ltr'><strong>ex</strong></span> <span class='ocrx_word' id='word_1_123' title='bbox 780 3108 853 3184; x_wconf 89' lang='lat' dir='ltr'><strong>III.</strong></span> <span class='ocrx_word' id='word_1_124' title='bbox 872 3109 912 3185; x_wconf 93' lang='lat' dir='ltr'><strong>in</strong></span> <span class='ocrx_word' id='word_1_125' title='bbox 931 3110 982 3187; x_wconf 93' lang='grc' dir='ltr'><strong>ΙΙ.</strong></span> <span class='ocrx_word' id='word_1_126' title='bbox 1002 3110 1070 3188; x_wconf 89' lang='lat' dir='ltr'><strong>lib.</strong></span> <span class='ocrx_word' id='word_1_127' title='bbox 1089 3111 1288 3187; x_wconf 89' lang='lat' dir='ltr'><strong>traiectum</strong></span> <span class='ocrx_word' id='word_1_128' title='bbox 1314 3121 1509 3212; x_wconf 85' lang='lat' dir='ltr'><strong>putarant.</strong></span> 
     </span>
     <span class='ocr_line' id='line_1_17' title="bbox 434 3251 1480 3355; baseline 0.005 -30"><span class='ocrx_word' id='word_1_129' title='bbox 434 3251 622 3331; x_wconf 80' lang='lat' dir='ltr'><strong>Hsrnsms</strong></span> <span class='ocrx_word' id='word_1_130' title='bbox 650 3252 705 3328; x_wconf 90' lang='lat' dir='ltr'><strong>ita</strong></span> <span class='ocrx_word' id='word_1_131' title='bbox 731 3279 754 3327; x_wconf 87' lang='lat' dir='ltr'><strong>a</strong></span> <span class='ocrx_word' id='word_1_132' title='bbox 781 3279 821 3328; x_wconf 91' lang='lat' dir='ltr'><strong>se</strong></span> <span class='ocrx_word' id='word_1_133' title='bbox 848 3264 1058 3330; x_wconf 89' lang='lat' dir='ltr'><strong>correctum</strong></span> <span class='ocrx_word' id='word_1_134' title='bbox 1085 3255 1311 3355; x_wconf 85' lang='lat' dir='ltr'><strong>praebuerat</strong></span> <span class='ocrx_word' id='word_1_135' title='bbox 1337 3279 1374 3332; x_wconf 83' lang='lat' dir='ltr'><strong>r.</strong></span> <span class='ocrx_word' id='word_1_136' title='bbox 1404 3257 1480 3330; x_wconf 82' lang='lat'><strong>25.:</strong></span> 
     </span>
    </p>
   </div>
   <div class='ocr_carea' id='block_1_6' title="bbox 656 3463 1587 3552">
    <p class='ocr_par' dir='ltr' id='par_1_8' title="bbox 656 3463 1587 3552">
     <span class='ocr_line' id='line_1_18' title="bbox 656 3463 1587 3552; baseline 0.005 -28"><span class='ocrx_word' id='word_1_137' title='bbox 656 3487 675 3524; x_wconf 86' lang='lat'>‹</span> <span class='ocrx_word' id='word_1_138' title='bbox 697 3463 814 3550; x_wconf 82' lang='lat' dir='ltr'><strong>Magoa</strong></span> <span class='ocrx_word' id='word_1_139' title='bbox 835 3465 912 3532; x_wconf 86' lang='lat' dir='ltr'><strong>satis</strong></span> <span class='ocrx_word' id='word_1_140' title='bbox 933 3465 995 3532; x_wconf 82' lang='lat' dir='ltr'><strong>duo</strong></span> <span class='ocrx_word' id='word_1_141' title='bbox 1018 3470 1119 3532; x_wconf 80' lang='lat' dir='ltr'><strong>tresve</strong></span> <span class='ocrx_word' id='word_1_142' title='bbox 1138 3467 1198 3533; x_wconf 87' lang='lat' dir='ltr'><strong>mci</strong></span> <span class='ocrx_word' id='word_1_143' title='bbox 1221 3465 1282 3534; x_wconf 90' lang='lat' dir='ltr'><strong>sint</strong></span> <span class='ocrx_word' id='word_1_144' title='bbox 1304 3485 1416 3552; x_wconf 90' lang='lat' dir='ltr'><strong>pompa</strong></span> <span class='ocrx_word' id='word_1_145' title='bbox 1437 3463 1544 3532; x_wconf 83' lang='lat' dir='ltr'><strong>libelii.</strong></span> <span class='ocrx_word' id='word_1_146' title='bbox 1566 3491 1587 3528; x_wconf 71' lang='grc' dir='ltr'><strong>ι</strong></span> 
     </span>
    </p>
   </div>
   <div class='ocr_carea' id='block_1_7' title="bbox 435 3615 1839 3764">
    <p class='ocr_par' dir='ltr' id='par_1_9' title="bbox 435 3615 1839 3764">
     <span class='ocr_line' id='line_1_19' title="bbox 435 3615 1839 3764; baseline 0.001 -27"><span class='ocrx_word' id='word_1_147' title='bbox 435 3659 586 3738; x_wconf 80' lang='lat' dir='ltr'><strong>Vusrro</strong></span> <span class='ocrx_word' id='word_1_148' title='bbox 613 3659 702 3737; x_wconf 90' lang='lat' dir='ltr'><strong>libri</strong></span> <span class='ocrx_word' id='word_1_149' title='bbox 728 3661 950 3756; x_wconf 75' lang='lat' dir='ltr'><strong>Mimnermi,</strong></span> <span class='ocrx_word' id='word_1_150' title='bbox 981 3661 1201 3741; x_wconf 74' lang='lat' dir='ltr'><strong>Callimachi</strong></span> <span class='ocrx_word' id='word_1_151' title='bbox 1224 3690 1269 3739; x_wconf 91' lang='lat' dir='ltr'><strong>ac</strong></span> <span class='ocrx_word' id='word_1_152' title='bbox 1298 3663 1460 3739; x_wconf 76' lang='lat' dir='ltr'><strong>Philotos</strong></span> <span class='ocrx_word' id='word_1_153' title='bbox 1486 3615 1736 3764; x_wconf 87' lang='lat' dir='ltr'><strong>intellegendi</strong></span> <span class='ocrx_word' id='word_1_154' title='bbox 1755 3661 1839 3738; x_wconf 85' lang='lat' dir='ltr'><strong>visi.</strong></span> 
     </span>
    </p>
   </div>
   <div class='ocr_carea' id='block_1_8' title="bbox 382 3801 1868 4482">
    <p class='ocr_par' dir='ltr' id='par_1_10' title="bbox 382 3801 1868 4051">
     <span class='ocr_line' id='line_1_20' title="bbox 436 3801 1868 3908; baseline 0.003 -30"><span class='ocrx_word' id='word_1_155' title='bbox 436 3801 658 3880; x_wconf 83' lang='lat' dir='ltr'><strong>Coniecerat</strong></span> <span class='ocrx_word' id='word_1_156' title='bbox 688 3805 886 3882; x_wconf 76' lang='lat' dir='ltr'><strong>Basrrnus</strong></span> <span class='ocrx_word' id='word_1_157' title='bbox 917 3801 958 3908; x_wconf 61' lang='grc' dir='ltr'><strong>(ἢ</strong></span> <span class='ocrx_word' id='word_1_158' title='bbox 988 3804 1042 3880; x_wconf 90' lang='grc' dir='ltr'><strong>ΙΙ.</strong></span> <span class='ocrx_word' id='word_1_159' title='bbox 1074 3818 1112 3882; x_wconf 89' lang='lat' dir='ltr'><strong>et</strong></span> <span class='ocrx_word' id='word_1_160' title='bbox 1147 3806 1222 3882; x_wconf 93' lang='lat' dir='ltr'><strong>III.</strong></span> <span class='ocrx_word' id='word_1_161' title='bbox 1252 3806 1370 3882; x_wconf 91' lang='lat' dir='ltr'><strong>libros</strong></span> <span class='ocrx_word' id='word_1_162' title='bbox 1405 3805 1517 3882; x_wconf 91' lang='lat' dir='ltr'><strong>simul</strong></span> <span class='ocrx_word' id='word_1_163' title='bbox 1549 3833 1572 3882; x_wconf 89' lang='lat' dir='ltr'><strong>a</strong></span> <span class='ocrx_word' id='word_1_164' title='bbox 1604 3819 1715 3908; x_wconf 91' lang='lat' dir='ltr'><strong>poeta</strong></span> <span class='ocrx_word' id='word_1_165' title='bbox 1746 3805 1868 3882; x_wconf 89' lang='lat' dir='ltr'><strong>editos</strong></span> 
     </span>
     <span class='ocr_line' id='line_1_21' title="bbox 382 3944 1866 4051; baseline 0.005 -32"><span class='ocrx_word' id='word_1_166' title='bbox 382 3944 509 4039; x_wconf 87' lang='lat' dir='ltr'><strong>fuisse,</strong></span> <span class='ocrx_word' id='word_1_167' title='bbox 538 3971 704 4047; x_wconf 87' lang='lat' dir='ltr'><strong>casuque</strong></span> <span class='ocrx_word' id='word_1_168' title='bbox 718 3973 883 4045; x_wconf 89' lang='lat' dir='ltr'><strong>carmen,</strong></span> <span class='ocrx_word' id='word_1_169' title='bbox 899 3949 945 4025; x_wconf 87' lang='lat' dir='ltr'><strong>de</strong></span> <span class='ocrx_word' id='word_1_170' title='bbox 972 3975 1048 4048; x_wconf 93' lang='lat' dir='ltr'><strong>quo</strong></span> <span class='ocrx_word' id='word_1_171' title='bbox 1076 3950 1236 4051; x_wconf 87' lang='lat' dir='ltr'><strong>agimus,</strong></span> <span class='ocrx_word' id='word_1_172' title='bbox 1263 3976 1309 4025; x_wconf 87' lang='lat' dir='ltr'><strong>ex</strong></span> <span class='ocrx_word' id='word_1_173' title='bbox 1336 3949 1410 4024; x_wconf 90' lang='lat' dir='ltr'><strong>III.</strong></span> <span class='ocrx_word' id='word_1_174' title='bbox 1427 3949 1468 4025; x_wconf 93' lang='lat' dir='ltr'><strong>in</strong></span> <span class='ocrx_word' id='word_1_175' title='bbox 1495 3946 1563 4026; x_wconf 81' lang='lat' dir='ltr'><strong>lib.</strong></span> <span class='ocrx_word' id='word_1_176' title='bbox 1583 3948 1636 4025; x_wconf 91' lang='lat' dir='ltr'><strong>II.</strong></span> <span class='ocrx_word' id='word_1_177' title='bbox 1662 3949 1866 4051; x_wconf 75' lang='lat' dir='ltr'><strong>irrepsisse.</strong></span> 
     </span>
    </p>

    <p class='ocr_par' dir='ltr' id='par_1_11' title="bbox 382 4087 1867 4482">
     <span class='ocr_line' id='line_1_22' title="bbox 437 4087 1867 4194; baseline 0.004 -32"><span class='ocrx_word' id='word_1_178' title='bbox 437 4087 530 4164; x_wconf 92' lang='lat' dir='ltr'><strong>Post</strong></span> <span class='ocrx_word' id='word_1_179' title='bbox 556 4087 794 4164; x_wconf 86' lang='lat' dir='ltr'><strong>Lachmanni</strong></span> <span class='ocrx_word' id='word_1_180' title='bbox 819 4091 1087 4187; x_wconf 87' lang='lat' dir='ltr'><strong>coniecturam,</strong></span> <span class='ocrx_word' id='word_1_181' title='bbox 1120 4091 1330 4170; x_wconf 77' lang='lat' dir='ltr'><strong>Psuusuus</strong></span> <span class='ocrx_word' id='word_1_182' title='bbox 1357 4088 1412 4194; x_wconf 55' lang='grc' dir='ltr'><strong>(ἢ,</strong></span> <span class='ocrx_word' id='word_1_183' title='bbox 1436 4091 1621 4168; x_wconf 87' lang='lat' dir='ltr'><strong>Beroaldo</strong></span> <span class='ocrx_word' id='word_1_184' title='bbox 1649 4105 1867 4194; x_wconf 89' lang='lat' dir='ltr'><strong>praeeunte,</strong></span> 
     </span>
     <span class='ocr_line' id='line_1_23' title="bbox 382 4230 1867 4335; baseline 0.004 -29"><span class='ocrx_word' id='word_1_185' title='bbox 382 4230 471 4306; x_wconf 84' lang='lat' dir='ltr'><strong>celle</strong></span> <span class='ocrx_word' id='word_1_186' title='bbox 498 4241 648 4308; x_wconf 85' lang='lat' dir='ltr'><strong>tantum</strong></span> <span class='ocrx_word' id='word_1_187' title='bbox 666 4245 816 4333; x_wconf 85' lang='lat' dir='ltr'><strong>poetam</strong></span> <span class='ocrx_word' id='word_1_188' title='bbox 844 4233 1075 4334; x_wconf 82' lang='lat' dir='ltr'><strong>significasse</strong></span> <span class='ocrx_word' id='word_1_189' title='bbox 1094 4233 1203 4330; x_wconf 89' lang='lat' dir='ltr'><strong>dixit,</strong></span> <span class='ocrx_word' id='word_1_190' title='bbox 1221 4234 1269 4311; x_wconf 83' lang='lat' dir='ltr'><strong>ad</strong></span> <span class='ocrx_word' id='word_1_191' title='bbox 1289 4244 1368 4310; x_wconf 89' lang='lat' dir='ltr'><strong>tres</strong></span> <span class='ocrx_word' id='word_1_192' title='bbox 1390 4233 1508 4310; x_wconf 86' lang='lat' dir='ltr'><strong>libros</strong></span> <span class='ocrx_word' id='word_1_193' title='bbox 1523 4261 1623 4335; x_wconf 90' lang='lat' dir='ltr'><strong>opus</strong></span> <span class='ocrx_word' id='word_1_194' title='bbox 1640 4233 1867 4312; x_wconf 73' lang='lat' dir='ltr'><strong>amatorium</strong></span> 
     </span>
     <span class='ocr_line' id='line_1_24' title="bbox 384 4374 1258 4482; baseline 0.003 -33"><span class='ocrx_word' id='word_1_195' title='bbox 384 4374 599 4475; x_wconf 88' lang='lat' dir='ltr'><strong>perducere,</strong></span> <span class='ocrx_word' id='word_1_196' title='bbox 628 4402 715 4452; x_wconf 92' lang='lat' dir='ltr'><strong>cum</strong></span> <span class='ocrx_word' id='word_1_197' title='bbox 744 4376 916 4482; x_wconf 89' lang='lat' dir='ltr'><strong>nondum</strong></span> <span class='ocrx_word' id='word_1_198' title='bbox 941 4376 995 4452; x_wconf 89' lang='grc' dir='ltr'><strong>ΙΙ.</strong></span> <span class='ocrx_word' id='word_1_199' title='bbox 1024 4377 1258 4454; x_wconf 86' lang='lat' dir='ltr'><strong>confecisset.</strong></span> 
     </span>
    </p>
   </div>
   <div class='ocr_carea' id='block_1_9' title="bbox 385 4535 1870 4927">
    <p class='ocr_par' dir='ltr' id='par_1_12' title="bbox 385 4535 1870 4927">
     <span class='ocr_line' id='line_1_25' title="bbox 435 4535 1867 4640; baseline 0.003 -30"><span class='ocrx_word' id='word_1_200' title='bbox 435 4535 523 4610; x_wconf 85' lang='lat' dir='ltr'><strong>Non</strong></span> <span class='ocrx_word' id='word_1_201' title='bbox 550 4561 574 4612; x_wconf 91' lang='lat' dir='ltr'><strong>a</strong></span> <span class='ocrx_word' id='word_1_202' title='bbox 601 4535 807 4638; x_wconf 84' lang='lat' dir='ltr'><strong>Propertio,</strong></span> <span class='ocrx_word' id='word_1_203' title='bbox 832 4537 898 4613; x_wconf 93' lang='lat' dir='ltr'><strong>sed</strong></span> <span class='ocrx_word' id='word_1_204' title='bbox 916 4551 1002 4639; x_wconf 90' lang='lat' dir='ltr'><strong>post</strong></span> <span class='ocrx_word' id='word_1_205' title='bbox 1020 4537 1104 4614; x_wconf 87' lang='lat' dir='ltr'><strong>eius</strong></span> <span class='ocrx_word' id='word_1_206' title='bbox 1128 4537 1277 4614; x_wconf 88' lang='lat' dir='ltr'><strong>obitum</strong></span> <span class='ocrx_word' id='word_1_207' title='bbox 1294 4538 1344 4614; x_wconf 89' lang='lat' dir='ltr'><strong>ab</strong></span> <span class='ocrx_word' id='word_1_208' title='bbox 1372 4538 1502 4614; x_wconf 88' lang='lat' dir='ltr'><strong>amicis</strong></span> <span class='ocrx_word' id='word_1_209' title='bbox 1520 4537 1615 4614; x_wconf 90' lang='lat' dir='ltr'><strong>libb.</strong></span> <span class='ocrx_word' id='word_1_210' title='bbox 1641 4537 1694 4615; x_wconf 94' lang='lat' dir='ltr'><strong>II.</strong></span> <span class='ocrx_word' id='word_1_211' title='bbox 1714 4550 1752 4616; x_wconf 90' lang='lat' dir='ltr'><strong>et</strong></span> <span class='ocrx_word' id='word_1_212' title='bbox 1777 4539 1867 4640; x_wconf 68' lang='lat'><strong>111,</strong></span> 
     </span>
     <span class='ocr_line' id='line_1_26' title="bbox 385 4677 1870 4782; baseline 0.005 -30"><span class='ocrx_word' id='word_1_213' title='bbox 385 4677 492 4753; x_wconf 91' lang='lat' dir='ltr'><strong>nulla</strong></span> <span class='ocrx_word' id='word_1_214' title='bbox 510 4677 831 4780; x_wconf 91' lang='lat' dir='ltr'><strong>disponendorum</strong></span> <span class='ocrx_word' id='word_1_215' title='bbox 859 4679 1070 4756; x_wconf 85' lang='lat' dir='ltr'><strong>carminum</strong></span> <span class='ocrx_word' id='word_1_216' title='bbox 1090 4681 1236 4758; x_wconf 85' lang='lat' dir='ltr'><strong>ratione</strong></span> <span class='ocrx_word' id='word_1_217' title='bbox 1263 4679 1410 4777; x_wconf 86' lang='lat' dir='ltr'><strong>habita,</strong></span> <span class='ocrx_word' id='word_1_218' title='bbox 1426 4680 1644 4782; x_wconf 75' lang='lat' dir='ltr'><strong>divulgatos</strong></span> <span class='ocrx_word' id='word_1_219' title='bbox 1671 4683 1870 4760; x_wconf 89' lang='lat' dir='ltr'><strong>contendit</strong></span> 
     </span>
     <span class='ocr_line' id='line_1_27' title="bbox 385 4819 765 4927; baseline 0.013 -31"><span class='ocrx_word' id='word_1_220' title='bbox 385 4819 686 4901; x_wconf 80' lang='lat' dir='ltr'><strong>Huarzsuscrus</strong></span> <span class='ocrx_word' id='word_1_221' title='bbox 713 4823 765 4927; x_wconf 93' lang='grc'><strong>().</strong></span> 
     </span>
    </p>
   </div>
   <div class='ocr_carea' id='block_1_10' title="bbox 385 5244 1871 5407">
    <p class='ocr_par' dir='ltr' id='par_1_13' title="bbox 385 5244 1871 5407">
     <span class='ocr_line' id='line_1_28' title="bbox 439 5244 1871 5328; baseline 0.007 -24"><span class='ocrx_word' id='word_1_222' title='bbox 439 5244 485 5324; x_wconf 87' lang='grc'><strong>(1)</strong></span> <span class='ocrx_word' id='word_1_223' title='bbox 508 5245 636 5322; x_wconf 72' lang='lat' dir='ltr'><strong>Mopso.</strong></span> <span class='ocrx_word' id='word_1_224' title='bbox 656 5246 771 5307; x_wconf 87' lang='lat' dir='ltr'><strong>Ultima</strong></span> <span class='ocrx_word' id='word_1_225' title='bbox 796 5247 978 5325; x_wconf 85' lang='lat' dir='ltr'><strong>producitur,</strong></span> <span class='ocrx_word' id='word_1_226' title='bbox 999 5253 1137 5323; x_wconf 83' lang='lat' dir='ltr'><strong>sequente</strong></span> <span class='ocrx_word' id='word_1_227' title='bbox 1160 5266 1301 5310; x_wconf 77' lang='lat' dir='ltr'><strong>caesuras</strong></span> <span class='ocrx_word' id='word_1_228' title='bbox 1324 5251 1460 5328; x_wconf 79' lang='lat' dir='ltr'><strong>(produc</strong></span> <span class='ocrx_word' id='word_1_229' title='bbox 1485 5251 1689 5327; x_wconf 86' lang='lat' dir='ltr'><strong>admitterent,</strong></span> <span class='ocrx_word' id='word_1_230' title='bbox 1709 5253 1792 5314; x_wconf 84' lang='lat' dir='ltr'><strong>raris</strong></span> <span class='ocrx_word' id='word_1_231' title='bbox 1813 5253 1871 5314; x_wconf 86' lang='lat' dir='ltr'><strong>boo</strong></span> 
     </span>
     <span class='ocr_line' id='line_1_29' title="bbox 385 5343 1191 5407; baseline 0.004 -4"><span class='ocrx_word' id='word_1_232' title='bbox 385 5343 608 5404; x_wconf 85' lang='lat' dir='ltr'><strong>hemistichium</strong></span> <span class='ocrx_word' id='word_1_233' title='bbox 630 5344 728 5404; x_wconf 88' lang='lat' dir='ltr'><strong>critici</strong></span> <span class='ocrx_word' id='word_1_234' title='bbox 749 5345 786 5404; x_wconf 82' lang='lat' dir='ltr'><strong>ad</strong></span> <span class='ocrx_word' id='word_1_235' title='bbox 807 5343 966 5406; x_wconf 84' lang='lat' dir='ltr'><strong>arbitrium</strong></span> <span class='ocrx_word' id='word_1_236' title='bbox 989 5352 1191 5407; x_wconf 82' lang='lat' dir='ltr'><strong>correxerunt.</strong></span> 
     </span>
    </p>
   </div>
   <div class='ocr_carea' id='block_1_11' title="bbox 439 5441 1074 5718">
    <p class='ocr_par' dir='ltr' id='par_1_14' title="bbox 439 5441 1074 5718">
     <span class='ocr_line' id='line_1_30' title="bbox 439 5441 1074 5522; baseline 0.002 -21"><span class='ocrx_word' id='word_1_237' title='bbox 439 5441 486 5522; x_wconf 84' lang='lat'><strong>(2)</strong></span> <span class='ocrx_word' id='word_1_238' title='bbox 507 5443 599 5520; x_wconf 90' lang='lat' dir='ltr'><strong>Prop.</strong></span> <span class='ocrx_word' id='word_1_239' title='bbox 618 5441 682 5500; x_wconf 81' lang='lat' dir='ltr'><strong>vita</strong></span> <span class='ocrx_word' id='word_1_240' title='bbox 704 5459 757 5519; x_wconf 87' lang='lat' dir='ltr'><strong>per</strong></span> <span class='ocrx_word' id='word_1_241' title='bbox 776 5461 868 5504; x_wconf 85' lang='lat' dir='ltr'><strong>annos</strong></span> <span class='ocrx_word' id='word_1_242' title='bbox 889 5443 950 5520; x_wconf 79' lang='lat' dir='ltr'><strong>dig.</strong></span> <span class='ocrx_word' id='word_1_243' title='bbox 972 5462 998 5520; x_wconf 92' lang='lat' dir='ltr'><strong>p.</strong></span> <span class='ocrx_word' id='word_1_244' title='bbox 1020 5443 1074 5503; x_wconf 77' lang='lat'><strong>83.</strong></span> 
     </span>
     <span class='ocr_line' id='line_1_31' title="bbox 440 5539 850 5619; baseline 0.01 -21"><span class='ocrx_word' id='word_1_245' title='bbox 440 5539 487 5619; x_wconf 87' lang='grc'><strong>(3)</strong></span> <span class='ocrx_word' id='word_1_246' title='bbox 509 5541 600 5602; x_wconf 78' lang='lat' dir='ltr'><strong>Rom.</strong></span> <span class='ocrx_word' id='word_1_247' title='bbox 621 5540 730 5600; x_wconf 86' lang='lat' dir='ltr'><strong>Erotik</strong></span> <span class='ocrx_word' id='word_1_248' title='bbox 751 5558 780 5617; x_wconf 93' lang='lat' dir='ltr'><strong>p.</strong></span> <span class='ocrx_word' id='word_1_249' title='bbox 802 5541 850 5602; x_wconf 82' lang='grc'><strong>71.</strong></span> 
     </span>
     <span class='ocr_line' id='line_1_32' title="bbox 440 5637 811 5718; baseline 0 -20"><span class='ocrx_word' id='word_1_250' title='bbox 440 5637 487 5718; x_wconf 75' lang='lat' dir='ltr'><strong>(t)</strong></span> <span class='ocrx_word' id='word_1_251' title='bbox 509 5639 529 5699; x_wconf 90' lang='lat' dir='ltr'><strong>l.</strong></span> <span class='ocrx_word' id='word_1_252' title='bbox 550 5658 576 5700; x_wconf 90' lang='lat' dir='ltr'><strong>c.</strong></span> <span class='ocrx_word' id='word_1_253' title='bbox 598 5658 627 5717; x_wconf 87' lang='lat' dir='ltr'><strong>p.</strong></span> <span class='ocrx_word' id='word_1_254' title='bbox 647 5638 706 5698; x_wconf 77' lang='lat'><strong>216</strong></span> <span class='ocrx_word' id='word_1_255' title='bbox 727 5657 811 5715; x_wconf 89' lang='lat' dir='ltr'><strong>seqq.</strong></span> 
     </span>
    </p>
   </div>
   <div class='ocr_carea' id='block_1_12' title="bbox 0 0 2110 6597">
    <p class='ocr_par' dir='ltr' id='par_1_15' title="bbox 0 0 2110 6597">
     <span class='ocr_line' id='line_1_33' title="bbox 0 0 2110 6597; baseline 0 0"><span class='ocrx_word' id='word_1_256' title='bbox 0 0 2110 6597; x_wconf 95' lang='lat' dir='ltr'><strong> </strong></span> 
     </span>
    </p>
   </div>
  </div>
 </body>
</html>
