4210 6598
749 1910 1063 2029 ouansno
1092 1912 1164 2001 1n.

576 2142 647 2218 De
684 2144 811 2217 urbe
846 2140 1121 2237 Propertii
1157 2141 1350 2216 natali¹

823 2357 1087 2370 Q

258 2516 449 2594 Posterior
466 2516 558 2593 haec
584 2515 631 2592 de
650 2516 772 2618 patria
790 2515 976 2618 Propertii
994 2515 1227 2618 quaestionis
1255 2513 1369 2592 editio
1396 2540 1420 2590 a
1439 2513 1553 2616 priori
1570 2512 1611 2618 (¹)
1629 2514 1702 2591 hoc

205 2659 408 2762 praecipue
436 2659 571 2756 differt,
591 2660 694 2760 quod
713 2660 866 2735 missam
886 2658 936 2734 ab
953 2657 1025 2735 hac
1044 2659 1202 2734 fecimus
1222 2668 1340 2734 totam
1356 2667 1601 2760 campartem
1619 2656 1699 2761 (11),

203 2828 304 2904 quae
322 2802 363 2879 in
381 2802 449 2878 illa
476 2813 534 2880 est
551 2813 685 2880 contra
703 2801 1003 2878 adversariorum
1029 2801 1241 2904 opiniones:
1271 2800 1374 2904 quod
1390 2799 1487 2878 'satis
1514 2825 1701 2903 superque

205 2946 263 3022 sit'
289 2944 402 3022 semel
431 2945 577 3043 fecisse3
613 2956 805 3048 praeterea
836 2945 927 3047 quia
954 2955 1034 3020 tem
1065 2943 1203 3021 validis
1235 2927 1356 3046 (absit
1381 2942 1527 3020 invidia
1559 2943 1701 3050 verbo),

203 3088 414 3189 iisdemque
441 3088 581 3192 apertis
609 3089 840 3191 sincerisque
867 3087 1101 3190 argumentis
1133 3086 1310 3164 instructi
1337 3085 1487 3190 prodire
1514 3085 1700 3184 videmur,

202 3232 347 3334 quibus
366 3232 477 3309 facile
503 3257 571 3335 per
589 3260 628 3310 se
654 3233 816 3335 quisque
843 3232 1015 3334 repudiet
1034 3233 1065 3308 si
1084 3257 1183 3333 quae
1209 3231 1306 3309 forte
1332 3232 1383 3307 ab
1403 3231 1489 3307 aliis
1516 3229 1612 3308 falso
1640 3230 1702 3307 vel

205 3377 374 3479 captiose
401 3376 550 3480 prolata
576 3377 777 3478 reperierit.
805 3376 927 3453 Necui
956 3401 1043 3452 vero
1071 3375 1209 3451 mirum
1238 3375 1424 3470 videatur,
1444 3373 1519 3451 alio
1547 3400 1703 3476 prorsus

203 3519 318 3596 modo
347 3521 442 3596 duos
470 3519 532 3596 hic
559 3547 619 3596 me
646 3520 832 3622 Propertii
860 3520 964 3596 locos
993 3517 1217 3620 explicuisse
1244 3519 1447 3619 (Perusina
1473 3517 1642 3618 sepulcro
1669 3517 1700 3593 Ι.

205 3667 271 3760 22,
302 3668 341 3740 3:
370 3678 470 3741 notos
492 3679 642 3764 penates
669 3665 738 3741 IV.
762 3670 796 3761 1,
820 3664 922 3768 121),
942 3663 974 3740 is
1003 3664 1098 3740 sciat
1124 3663 1225 3739 intra
1244 3662 1509 3739 brevissimum
1538 3674 1701 3764 tempus,

203 3809 256 3884 ab
284 3807 435 3908 incepto
463 3805 600 3910 (neque
627 3806 818 3911 consulto)
846 3807 985 3904 studio,
1004 3805 1103 3882 illud
1130 3805 1358 3908 opusculum
1384 3831 1407 3880 a
1432 3831 1492 3881 me
1519 3805 1594 3892 iam
1622 3831 1703 3906 per·

204 3951 348 4027 fectum
375 3976 467 4047 esse,
498 3951 600 4026 omni
628 3977 748 4052 paene
776 3949 823 4026 ad
853 3949 924 4026 hoc
953 3949 1177 4026 destitutum
1206 3947 1388 4041 subsidio,
1418 3974 1505 4025 cum
1530 3946 1702 4024 nondum

205 4095 368 4170 maxime
395 4094 666 4196 perspexissem
684 4121 799 4195 quam
819 4105 922 4171 arcte
941 4092 1113 4189 Ovidius,
1134 4091 1351 4194 praesertim
1371 4093 1411 4168 in
1431 4091 1701 4188 Amoribus,

204 4237 408 4314 adhaereat
435 4238 643 4339 Propertio,
672 4239 726 4313 ita
753 4250 809 4334 ut,
838 4237 905 4339 qui
932 4237 1054 4314 multo
1090 4237 1209 4316 fusior
1235 4235 1432 4338 Propertio
1460 4234 1564 4312 illius
1592 4233 1703 4312 stilus

204 4393 273 4470 est,
294 4381 343 4456 ad
371 4380 474 4456 hunc
494 4382 643 4482 saepius
671 4380 942 4457 declarandum
964 4380 1160 4457 commode
1188 4379 1403 4456 subveniat.
1433 4378 1547 4471 Quod
1573 4389 1702 4455 autem

204 4524 406 4626 ampliores
434 4524 523 4601 huic
551 4552 666 4628 quam
686 4526 819 4601 ceteris
846 4524 1135 4626 quaestionibus
1156 4523 1351 4627 appositae
1380 4524 1457 4600 sint
1484 4535 1609 4620 notae,
1629 4523 1701 4600 hoo

206 4668 446 4770 potissimum
479 4667 623 4745 factum
651 4679 719 4763 est,
748 4668 852 4770 quod
878 4667 977 4744 hanc
1007 4668 1188 4763 scribens,
1209 4693 1289 4743 una
1316 4693 1404 4743 cum
1432 4666 1573 4742 criticis
1606 4665 1701 4743 aiios

205 4838 358 4914 quoque
386 4811 545 4888 lectores
573 4812 804 4914 spectabam,
834 4811 933 4913 siqui
957 4822 1083 4887 essent
1101 4810 1233 4908 futuri,
1257 4810 1399 4912 quibus
1427 4809 1703 4887 consuetudine

207 4955 367 5056 ideoque
396 4953 595 5030 voluntate
623 4955 842 5031 carentibus
875 4954 988 5030 adid
1016 4979 1138 5056 genus
1166 4953 1328 5051 labores,
1352 4963 1421 5030 aut
1452 4952 1565 5029 etiam
1592 4951 1702 5056 copia

207 5097 267 5174 vel
297 5110 464 5200 tempore
491 5098 582 5200 ipsis
601 5096 825 5174 consulendi
854 5097 1068 5200 complures
1095 5096 1224 5193 libros,
1253 5096 1293 5173 id
1321 5093 1474 5198 gratum
1497 5095 1575 5172 fore
1599 5106 1701 5172 certo

208 5241 385 5318 sciebam.
410 5242 538 5318 Etiam
558 5242 595 5316 in
618 5242 701 5337 hac,
722 5241 886 5316 maxima
905 5241 1012 5318 libris
1030 5266 1148 5317 manu
1176 5239 1325 5342 scriptis
1344 5238 1521 5343 (scienter
1534 5237 1702 5345 quidem)

261 5579 308 5661 (1)
325 5581 395 5641 Vid.
409 5599 455 5641 nr.
470 5599 498 5658 p.
515 5581 529 5641 l
546 5581 577 5640 in
598 5587 675 5642 uota.
691 5579 770 5641 Illud
784 5581 958 5660 opusculum
980 5579 1165 5641 ernendatius
1187 5578 1272 5641 brevi
1294 5580 1403 5640 iterum
1419 5578 1500 5658 typis
1514 5577 1702 5638 exscribetur

209 5685 238 5740 et
259 5681 415 5759 prostabit.
