4210 6598
1044 679 1252 754 ...38....

405 899 450 967 ut
475 889 636 966 alterum
663 887 797 965 horum
824 885 986 965 alterum
1014 915 1125 992 saepe
1152 917 1290 967 nomeu
1317 890 1526 968 necessario
1552 891 1627 970 fere
1654 905 1806 972 voearet
1831 894 1892 998 (¹).'

340 1001 344 1015 l
462 1036 637 1112 Umbrum
663 1031 790 1107 laeum
817 1030 857 1106 in
880 1030 1042 1108 Umbria
1068 1031 1183 1134 paulo
1210 1044 1300 1109 ante
1326 1045 1542 1129 memorate,
1569 1033 1622 1138 (r.
1644 1035 1735 1140 121)
1762 1037 1886 1114 balbis·

402 1179 518 1256 tieutis
536 1201 615 1252 esse
628 1184 761 1276 poetae
778 1171 1029 1250 Baehrensius
1047 1174 1218 1251 asseruit.
1239 1171 1635 1282 (propellimini.)
1653 1177 1775 1254 Nobis
1792 1178 1884 1254 satis

403 1303 452 1397 sit
483 1316 792 1410 animadvertere,
824 1341 954 1392 omnes
976 1315 1124 1392 oodioes
1154 1317 1287 1393 Umber
1312 1315 1525 1418 protulisse,
1551 1329 1667 1421 atque
1699 1319 1883 1416 Umbram,

401 1462 504 1566 qnod
532 1458 715 1537 audacius
754 1457 957 1556 videbitur,
997 1457 1134 1536 silvam
1164 1485 1317 1562 quoque
1346 1459 1520 1538 absolute
1553 1460 1656 1537 itaa
1688 1459 1884 1564 Propertio

401 1632 482 1685 esse
508 1613 694 1698 vocatam,
722 1626 840 1702 aqua
861 1599 1046 1678 Clitumni
1073 1627 1195 1703 aquae
1219 1611 1419 1680 manarent
1435 1601 1498 1706 (ef.
1518 1630 1576 1680 nr.
1595 1631 1633 1705 p.
1660 1605 1768 1681 8611.
1790 1603 1827 1682 3.
1846 1602 1884 1709 e)

455 1747 544 1824 Asis
567 1745 740 1823 nodieum
758 1743 902 1820 hebent
928 1741 1004 1840 alii,
1024 1743 1065 1820 in
1091 1743 1233 1846 quibus
1257 1743 1408 1847 optimi3
1435 1747 1534 1822 Am
1559 1741 1694 1848 reliqui
1721 1743 1774 1851 (³).
1793 1745 1884 1825 Veri

454 2024 614 2040 m

521 2135 553 2217 e)
593 2175 803 2198 .....
842 2137 907 2206 Qua
927 2151 1004 2196 nono
1023 2134 1079 2196 tibi
1100 2152 1212 2214 pauper
1231 2151 1335 2196 acerra

550 2235 648 2310 Digna
668 2233 774 2294 litemi
793 2233 857 2293 Neo
877 2233 904 2293 si
925 2239 1032 2293 vaouet
1051 2231 1195 2294 Meuania
1216 2230 1255 2314 (¹)
1277 2233 1384 2307 valles,

550 2335 611 2392 Aut
632 2336 781 2407 praestent
801 2331 904 2391 niveos
927 2329 1084 2391 Clitumna
1104 2329 1224 2392 novalia
1245 2337 1361 2404 tauron

553 2429 722 2502 Sufficiam
762 2471 772 2490 .
813 2471 822 2489 .
862 2469 872 2490 .
912 2471 921 2489 .
1642 2469 1644 2476 ,

1197 2507 1304 2588 (Srar.
1324 2508 1426 2570 Silr.
1448 2509 1471 2572 1.
1491 2508 1535 2590 t.)

519 2608 551 2684 f)
591 2607 623 2667 Si
645 2623 694 2667 res
715 2606 815 2684 ampla
835 2605 917 2667 domi
938 2605 1106 2683 similisque
1126 2606 1279 2667 silentibus
1299 2613 1387 2680 esset,

550 2704 697 2782 Pinguior
716 2701 854 2782 Hispulla
875 2703 1045 2764 traheretur
1065 2711 1175 2764 tuum
1194 2709 1225 2764 et
1245 2705 1310 2782 ipsa

551 2803 632 2864 Molo
651 2803 748 2880 piger.
767 2818 821 2862 neo
840 2801 969 2863 finitima
990 2801 1120 2862 nutritus
1141 2801 1172 2861 in
1192 2801 1295 2876 herba,

548 2903 640 2963 Laeta
661 2902 713 2962 sed
733 2901 889 2962 ostendens
912 2899 1061 2960 Clitumni
1073 2917 1194 2978 ρωοιια
1214 2899 1335 2978 sangnis

549 3001 611 3061 Iret
630 3007 697 3060 eta
717 2999 825 3077 mandi
846 2998 951 3058 cervix
972 2996 1104 3060 ferienda
1125 2997 1274 3071 ministro,

549 3099 595 3158 Oh
615 3097 744 3159 reditum
765 3101 812 3158 eto
813 3136 1070 3158 ......

1230 3191 1356 3273 (Juvsu.
1377 3193 1448 3257 XII.
1469 3193 1532 3278 10.)

515 3313 553 3392 p)
592 3311 670 3383 Quin
690 3317 721 3372 et
743 3309 891 3372 Clitumni
910 3327 1012 3370 sacras
1032 3309 1197 3370 victoribus
1217 3311 1312 3371 undas

546 3409 746 3470 Visereeura
766 3406 831 3468 fuit.
852 3407 917 3468 Neo
936 3414 967 3468 te
987 3407 1141 3467 miracula
1160 3407 1256 3481 sontis

548 3507 744 3568 Praetereunt
784 3547 992 3568 .....

807 3601 937 3682 (Cusum
957 3603 1008 3664 De
1027 3601 1095 3663 VI.
1115 3619 1222 3664 eone.
1243 3601 1427 3664 Honorii.
1447 3602 1531 3688 506.)

516 3700 552 3782 h)
591 3702 660 3762 Non
680 3702 765 3774 tales,
789 3701 947 3774 clitumno,
968 3700 1054 3761 laras
1074 3701 1246 3778 ingurgito
1267 3708 1381 3773 tauros,

545 3799 674 3877 Tarpeio
693 3798 826 3860 referunt
845 3816 919 3876 quos
939 3797 988 3875 pia
1009 3795 1085 3858 dona
1105 3797 1182 3859 Iovi.

875 3895 934 3978 (ln.
954 3895 992 3955 in
1013 3893 1251 3974 Epigramma
1271 3896 1418 3975 Descript.
1438 3895 1531 3980 mm.)

515 4029 543 4111 i)
563 4029 725 4108 [Caligula]
749 4046 838 4108 quum
865 4030 904 4090 ad
930 4029 1087 4090 visendum
1112 4046 1216 4091 nemus
1242 4029 1410 4108 flumenque
1439 4029 1587 4094 Clitumni
1610 4033 1787 4098 treunam
1814 4055 1880 4118 pro·

393 4135 539 4202 nassutti,
561 4171 570 4190 ·
592 4171 601 4191 ·
622 4171 631 4190 ·
1111 4203 1257 4286 (surore.
1277 4205 1399 4284 Caliss·
1420 4226 1446 4270 ⁰·
1467 4207 1530 4290 43)

513 4306 550 4386 is)
570 4307 728 4366 Armentis
747 4305 926 4367 sublimibus
945 4304 1072 4382 insignis
1092 4303 1238 4366 Memmia
1258 4313 1312 4367 est.

1008 4403 1139 4483 (eonas.
1160 4403 1211 4464 De
1231 4419 1272 4463 re
1292 4410 1391 4472 rust.
1412 4404 1466 4466 111.
1487 4403 1531 4486 8.)

514 4501 541 4583 i)
560 4503 697 4580 Gargara
718 4509 864 4580 proventu
884 4502 961 4562 lecta
981 4499 1114 4574 tritloeo;
1134 4500 1280 4562 Meuania
1300 4510 1485 4564 memoratur
1504 4513 1654 4566 armento.

840 4599 931 4680 (Lar.
950 4599 1070 4661 Pnasr.
1090 4599 1235 4677 Panes.
1256 4599 1300 4660 ad
1320 4596 1464 4663 Theod.
1485 4599 1529 4682 4.)

512 4697 559 4779 m)
582 4697 754 4758 Clitumnus
774 4697 864 4774 [tons]
883 4696 1046 4758 Meuaniae
1063 4701 1120 4758 est.

930 4793 1013 4875 (Vm.
1035 4793 1181 4863 Ssonssr.
1201 4794 1252 4855 De
1271 4791 1441 4858 Flamin.
1461 4794 1534 4879 eto.)

443 4929 491 5010 (1)
512 4931 558 4990 Ita
571 4947 641 4990 sane
658 4935 700 5002 ut,
714 4945 783 4989 eum
804 4927 944 4990 Mevania
964 4928 1014 4988 hie
1027 4934 1129 5005 aperte
1150 4935 1342 5002 memoretur,
1357 4927 1500 4990 Clitumni
1515 4928 1636 5002 iontem,
1651 4929 1701 4990 rel
1720 4929 1787 5006 hoo,
1802 4931 1874 4992 ineu

396 5026 506 5087 Umbro
528 5028 717 5106 Propertium
739 5026 817 5088 haud
838 5025 926 5086 dubie
945 5023 1130 5086 intellexisse
1149 5026 1242 5087 dieas.
1263 5025 1307 5088 Gi
1328 5043 1375 5089 nr.
1396 5043 1444 5104 pp.
1463 5027 1557 5087 8738
1576 5029 1649 5100 cei,
1674 5029 1804 5108 praeeip.
1825 5048 1868 5094 m.

443 5123 491 5205 (2)
512 5126 549 5204 a)
569 5141 586 5176 s
599 5125 681 5186 Asis.
705 5124 756 5184 Sio
777 5123 940 5201 incorrupti
965 5122 1038 5184 libri
1058 5139 1176 5204 omnem
1196 5122 1277 5184 aaa
1296 5125 1443 5185 eorrectio
1463 5122 1609 5185 Italorum
1629 5126 1748 5204 estqui
1769 5143 1836 5188 enm
1851 5143 1876 5187 a·

390 5247 407 5282 s
427 5229 490 5283 ets
510 5222 627 5283 litteras
647 5223 685 5282 ad
707 5239 812 5282 sonum
834 5221 955 5299 perinde
975 5220 1128 5294 haberent,
1142 5219 1287 5281 facillima
1308 5221 1471 5283 mutatione
1491 5239 1546 5300 pro
1566 5223 1685 5284 nomine
1698 5224 1802 5301 ignmo
1821 5240 1876 5284 ro-

392 5320 569 5381 ‹oabulum
597 5319 739 5381 usitatum
766 5335 850 5380 more
876 5335 930 5379 suo
953 5324 1157 5398 reposuerunt.
1177 5336 1194 5373 r
1218 5317 1423 5393 Hsnmnaao„
1447 5319 1534 5381 Sex.
1562 5319 1677 5399 Prop.
1703 5319 1874 5400 Elegiae,

390 5417 478 5492 1845,
500 5416 560 5478 vol.
583 5417 637 5488 111,
658 5422 817 5478 comment.
837 5416 875 5478 ad
895 5416 925 5476 h.
945 5415 968 5478 1.

512 5517 546 5596 b)
560 5513 646 5574 Asioi
665 5531 720 5591 pro
733 5513 806 5574 Asis
825 5513 946 5592 scripsit
959 5511 1177 5587 leobmarus,
1189 5513 1317 5592 genitivi
1331 5531 1417 5575 ossus
1437 5515 1520 5576 exitu
1540 5521 1703 5590 oontrsotm
1716 5515 1799 5578 velut
1812 5515 1874 5577 Po·

390 5615 453 5674 taui
473 5613 580 5693 (Verg.
602 5614 677 5673 Aen.
698 5611 722 5672 Ι.
742 5610 826 5686 247),
849 5611 964 5672 Canusi
982 5609 1072 5692 (Hor.
1091 5612 1153 5674 Set.
1174 5612 1199 5675 1.
1212 5611 1243 5686 5,
1256 5609 1289 5672 9:
1309 5610 1437 5693 3‚168)‚
1459 5609 1565 5672 Volusi
1583 5612 1706 5694 (Catull.
1726 5613 1873 5687 xxxvt,

441 5763 471 5820 (t)
487 5763 592 5809 boemus
605 5775 676 5820 supra
689 5759 788 5808 ostendit
800 5759 939 5814 Emonam,
954 5771 1020 5806 secus
1033 5771 1102 5818 quem
1118 5761 1246 5807 Clitumnus
1260 5757 1353 5806 labitur.
1369 5755 1450 5816 (taur.
1465 5761 1554 5807 littra.
1570 5761 1639 5808 1tsl.
1654 5761 1706 5820 m.)
