4210 6598
851 687 1061 757 ..11..

576 893 603 971 c¹
616 913 740 998 Semper
762 913 801 979 ab
823 911 949 992 insidiis,
973 911 1116 998 Cynthia,
1140 912 1209 978 dere
1232 913 1323 991 soles:
1348 939 1366 974 s

214 1090 294 1192 qui,
313 1100 465 1191 propter
491 1093 607 1167 verba
633 1117 771 1194 semper
796 1091 863 1196 (cf:
885 1121 922 1168 v.
943 1095 979 1169 3.
1002 1128 1016 1159 ι
1038 1091 1206 1193 Quinque
1225 1093 1294 1167 tibi
1313 1092 1419 1194 potui
1444 1093 1582 1168 servire
1609 1092 1697 1168 fide·

214 1233 301 1310 liter
317 1259 438 1309 annos
457 1233 495 1336 ι)
514 1245 551 1310 et
569 1237 615 1310 ab
634 1237 786 1328 insidiis,
803 1247 990 1337 quantum
1009 1213 1159 1312 nostrae
1177 1236 1476 1338 interpretationi
1504 1237 1694 1333 convenit,

215 1388 365 1452 tantum
390 1376 449 1450 illi
476 1388 664 1478 repugnat
689 1405 805 1479 quam
832 1379 1016 1454 hactenus
1043 1377 1210 1454 refellere
1237 1379 1364 1490 conati
1390 1405 1534 1456 sumus.

208 1517 211 1524 ’
320 1519 462 1595 Versus
489 1518 519 1596 I.
552 1524 587 1612 1,
617 1522 688 1594 32:
1238 1507 1241 1514 ’

575 1793 593 1829 ‹
616 1767 690 1835 Sitis
712 1770 744 1834 et
765 1769 796 1834 in
820 1770 890 1834 tuto
912 1787 1030 1852 semper
1052 1787 1154 1834 amora
1176 1787 1273 1851 pares,
1297 1795 1315 1830 ι

213 2009 326 2084 quem
362 1982 402 2058 hi
436 2009 599 2084 quoque,
628 1996 672 2058 ut
706 1955 990 2075 Lachmannus,
1022 1982 1063 2058 in
1101 2007 1213 2057 suum
1249 2008 1360 2058 usum
1397 1993 1625 2061 convertunt
1651 1994 1696 2060 ut

212 2126 373 2227 primam
401 2125 558 2226 elegiam
585 2135 812 2226 postremam
841 2125 1019 2225 scriptam
1047 2125 1220 2224 probent,
1241 2125 1432 2225 quomodo
1459 2125 1696 2228 interpretari

214 2269 398 2344 debeatur
423 2269 498 2342 iam
527 2268 707 2345 vidimus:
726 2295 843 2368 quare
861 2267 922 2344 hio
942 2267 1017 2343 alia
1034 2267 1190 2343 minoris
1211 2268 1392 2344 momenti
1420 2269 1568 2345 silentio
1597 2280 1696 2358 tran-

214 2424 377 2507 seuntes,
406 2412 455 2487 ad
482 2412 624 2487 maiora
651 2389 755 2487 nunc
781 2411 853 2486 iter
879 2437 1081 2512 pergamus
1105 2411 1245 2511 quibus
1273 2411 1473 2514 praecipue
1500 2413 1697 2513 apparebit

213 2581 454 2656 nequaquam
482 2555 616 2630 horum
644 2554 870 2630 sententiam
897 2553 1047 2630 defendi
1074 2581 1195 2654 posse.

267 2697 422 2773 Etenim
452 2696 519 2797 qui
548 2701 583 2772 1.
612 2695 770 2796 elegiam
807 2695 980 2771 ultimam
1014 2696 1192 2797 scriptam
1227 2706 1368 2793 tenent,
1397 2694 1496 2773 hanc
1532 2697 1631 2773 inter
1658 2653 1696 2773 et

215 2851 419 2917 extremam
437 2838 604 2915 eiusdem
623 2839 711 2914 libri
728 2839 921 2940 quandam
940 2839 1123 2916 rationem
1144 2839 1374 2916 intercedere
1392 2839 1527 2916 debere
1547 2866 1698 2916 necesse

215 2995 272 3058 est
298 2981 522 3076 concedant,
552 2993 594 3057 ιιι
621 2981 864 3083 prologorum
891 2993 948 3058 est
974 2982 1173 3084 precipuos
1207 2982 1324 3058 totius
1351 2982 1485 3084 operis,
1514 2993 1699 3059 extremos

215 3125 431 3226 praesertim
456 3151 600 3221 sensus,
620 3126 726 3202 brevi
753 3152 952 3202 resumere.
972 3125 1127 3222 Verum,
1147 3126 1218 3201 hac
1245 3125 1398 3227 quidem
1415 3125 1456 3202 in
1475 3152 1527 3220 re,
1548 3135 1696 3201 tantum

214 3269 336 3370 prima
362 3278 625 3370 postremaque
651 3266 758 3372 (19.·)
784 3269 835 3345 ad
861 3266 1069 3373 Cynthium
1088 3269 1155 3344 lib.
1175 3269 1207 3343 I.
1227 3267 1368 3370 elegiae
1394 3267 1574 3344 differunt
1599 3268 1699 3344 inter

216 3395 326 3489 seut
352 3437 451 3513 qune
478 3411 656 3486 maxime:
677 3438 763 3487 cum
790 3411 858 3487 illa
886 3424 1035 3514 poetam
1063 3410 1238 3492 exhibeat
1263 3411 1318 3486 ira
1344 3410 1385 3486 in
1413 3409 1595 3514 Cyntiam
1623 3437 1721 3494 mas

214 3555 313 3631 xime
340 3554 545 3649 concitum,
575 3566 613 3630 et
639 3555 688 3630 ad
715 3553 1011 3658 desperationem
1043 3553 1397 3655 prope-adductum
1425 3553 1474 3628 ad
1501 3552 1629 3630 omnia
1655 3564 1700 3628 ιιι

151 3679 152 3682 ¹
216 3724 262 3774 ex
289 3698 369 3773 eins
396 3696 562 3773 vinculis
588 3697 834 3773 extricaretur
850 3709 1043 3796 paratum3
1072 3693 1164 3770 haec
1191 3709 1318 3770 autem
1346 3674 1435 3770 cum
1462 3692 1632 3797 Cynthia
1658 3695 1699 3770 in

214 3841 376 3942 gratiam
403 3867 606 3936 reversum,
636 3841 791 3940 eiusque
817 3841 858 3914 in
885 3851 1077 3940 posterum
1096 3839 1149 3914 ita
1168 3851 1313 3914 eertum
1330 3837 1479 3933 amoris,
1500 3837 1592 3914 dum
1619 3838 1699 3938 ipse
1814 3823 1815 3826 Ἴ

214 3983 370 4080 viveret,
391 3982 518 4084 utqui
538 3982 609 4058 sibi
636 3981 877 4058 remansisset
894 3981 1006 4057 timor
1024 4009 1072 4057 ne
1090 3981 1211 4056 amica
1228 4005 1379 4056 rursum
1400 3990 1497 4056 esset
1523 3975 1698 4078 infidelis,

217 4126 354 4202 suimet
380 4137 466 4227 post
492 4126 609 4201 funus
637 4125 759 4201 solum
788 4135 992 4226 spectaret:
1022 4134 1137 4225 atque
1163 4124 1218 4198 ita
1245 4123 1365 4225 elegia
1392 4122 1548 4199 desinit:

525 4398 543 4433 ι
568 4375 668 4456 Quare
690 4373 765 4440 dum
787 4374 860 4440 lieet
881 4373 961 4439 inter
982 4391 1037 4439 nos
1058 4374 1210 4439 laetemur
1232 4375 1388 4439 ementes:

574 4500 642 4567 Non
666 4499 742 4567 satis
762 4501 809 4567 est
832 4499 896 4566 ullo
918 4501 1053 4582 tempore
1075 4499 1185 4584 longus
1208 4518 1303 4565 amor.
1328 4525 1346 4560 »

270 4713 381 4805 Quod
408 4725 535 4790 autem
554 4713 631 4789 sint
648 4715 715 4814 qui
733 4712 979 4808 contendant,
999 4711 1141 4813 primae
1159 4711 1300 4812 elegiae
1319 4739 1395 4788 non
1415 4739 1503 4788 cum
1526 4711 1700 4787 extremis

217 4855 282 4930 sed
318 4882 407 4931 cum
442 4855 570 4956 aliqua
606 4866 815 4932 ceterarum
851 4853 1166 4930 necessitudinem
1202 4879 1282 4929 esse
1315 4880 1436 4954 posse,
1464 4880 1562 4954 quae
1589 4853 1700 4928 nobis

214 5007 385 5073 amantes
416 5023 570 5099 quoquo
601 4997 713 5072 modo
739 4997 839 5072 inter
865 5023 904 5072 se
940 4995 1163 5072 dissidentes
1199 4996 1412 5092 exhibeant,
1440 5022 1520 5072 rem
1547 5023 1700 5098 prorsus

215 5139 414 5217 ridiculam
433 5167 496 5217 eos
514 5140 712 5218 defendere
729 5139 840 5216 facile
857 5139 1210 5215 demonstrabimus:
1229 5149 1267 5216 et
1283 5136 1526 5240 prologorum
1549 5151 1698 5238 natura,

213 5284 281 5386 qui
310 5296 476 5360 tenorem
503 5284 553 5360 ab
579 5294 745 5361 extremo
772 5310 883 5385 opere
908 5283 1069 5358 maxime
1100 5283 1238 5358 ducere
1271 5280 1490 5358 sclareiam
1522 5309 1702 5359 memora-

214 5425 360 5524 vimus;
380 5426 590 5528 'praecipue
616 5452 706 5503 vero
729 5426 896 5528 siquam
923 5425 1142 5527 Propertius
1169 5425 1228 5501 sui
1252 5424 1390 5501 amoris
1417 5436 1594 5502 naturam
1619 5426 1700 5528 ipse

216 5568 390 5670 exprimit
404 5569 764 5645 animadvertamus:
777 5595 912 5669 nempe
926 5566 1097 5670 singulas
1110 5565 1178 5643 lib.
1192 5567 1225 5644 Ι.
1241 5568 1307 5644 ubi
1323 5567 1512 5645 discordes
1529 5578 1700 5644 amantes

215 5711 400 5813 adparent
426 5711 839 5814 elegias'reeensentes‚
862 5713 911 5806 8.,
937 5709 1034 5808 dico,
1066 5715 1127 5786 11.
1159 5713 1220 5787 12.
1252 5712 1312 5788 15.
1344 5713 1425 5808 18.;
1453 5711 1494 5786 in
1522 5710 1700 5787 omnibus
